%
%  Savannah River F-Area: ASCEM Memos
%
@Misc{GPFlach_source-term-f-basins_2010,
  author       = {G. P. Flach},
  title        = {Source Term for ASCEM Phase I F-Seepage Basins 
                  Modeling Demonstration},
  howpublished = {Interoffice Memorandum},
  year         = 2010,
  note         = {SRNL-L6200-2010-00024}
}


@Misc{GPFlach_input-data-f-basins_2010,
  author       = {G. P. Flach},
  title        = {Input Data for a Phase I ASCEM F-Seepage Basins 
                  Flow Simulation},
  howpublished = {Interoffice Memorandum},
  year         = 2010,
  note         = {SRNL-L6200-2010-00025}
}

%
%  Savannah River F-Area: Recent Technical Reports and Papers
%
@article{SMSerkiz_etal_acidic-plume-srs_2007,
  author       = {S. M. Serkiz and W. H. Johnson and L. M. Johnson Wile 
                  and S. B. Clark},
  title        = {Environmental Availability of Uranium in an Acidic Plume 
                  at the {S}avannah {R}iver {S}ite},
  journal      = VadoseZoneJournal,
  year         = 2007,
  volume       = 6,
  number       = 2,
  pages        = {354--362},
}

@TechReport{GPFlach_flow-gsa-porflow_2004,
  author       = {G. P. Flach},
  title        = {Groundwater Flow Model Of The General Separations Area 
                  Using Porflow (U)},
  institution  = {Savannah River Site},
  year         = 2004,
  number       = {WSRC-TR-2004-00106},
  doi          = {10.2172/835094}
}


%
%  Savannah River F-Area: Recent Technical Reports and Papers
%
@TechReport{BBLooney_etal_tritium-to-fourmile-branch_1993,
  author       = {B. B. Looney and J. S. Haselow and C. M. Lewis and
                  M. K. Harris and D. E. Wyatt and C. S. Hetrick},
  title        = {Projected Tritium Releases from {F} \& {H} Area Seepage 
                  Basins and the Solid Waste Disposal Facilities 
                  to {F}ourmile {B}ranch {(U)}},
  institution  = {Savannah River National Laboratory},
  year         = 1993,
  number       = {WSRC-RP-93-459}
}

@TechReport{CLCummins_etal_releases-srs_1991,
  author       = {C. L. Cummins and C. S. Hetrick and D. K. Martin},
  title        = {Radioactive releases at the {S}avannah {R}iver {S}ite 
                  1954-1989 {(U)}},
  institution =  {Savannah River National Laboratory},
  year         = 1991,
  number       = {WSRC-RP-91-684},
  doi          = {10.2172/5671147}
}

@TechReport{THKillian_etal_environmental-information_1987,
  author       = {T. H. Killian and N. L. Kolb and P. Corso and I. W. Marine},
  title        = {Environmental Information Document: F-Area Seepage Basins},
  institution  = {Savannah River Laboratory},
  year         = 1987,
  number       = {DPST-85-704}
}


@TechReport{JPRyan_effluent-characterization_1984,
  author       = {J. P. Ryan},
  title        = {Effluent Charcterization Study for the 200-{A}rea 
                  Effluent Treatment Facility},
  institution  = {Savannah River Laboratory},
  year         = 1984,
  number       = {DPST-84-511}
}


@TechReport{JWFenimore_JHHorton_history-seepage-basins-srp_1972,
  author       = {J. W. Fenimore and J. H. Horton},
  title        = {Operating History and Environmental Effects of 
                  Seepage Basins in Chemical Separations Areas of 
                  the {S}avannah {R}iver {P}lant},
  institution  = {Savannah River Laboratory},
  year         = 1972,
  number       = {DPST-72-548}
}

@Article{JHHorton_etal_tritium-loss_1971,
  author       = {J. H. Horton and  J.C. Corey and  R.M. Wallace},
  title        = {Tritium Loss from Water Exposed to the Atmosphere},
  journal      = EnvironmentalScienceTechnology,
  year         = 1971,
  volume       = 5,
  pages        = {338--343}
}


