%
%  Coding: Languages, approaches, style guides, standandards
%

@book{AKoenig_Accelerated-C++_ACP_2000,
 author = {Andrew Koenig and Barbara E. Moo},
 title = {Accelerated C++: practical programming by example},
 year = 2000,
 isbn = {0-201-70353-X},
 publisher = {Addison-Wesley Longman Publishing Co., Inc.},
 address = {Boston, MA, USA},
} 

@book{RMartin_Agile-Development_PH_2003,
 author = {Robert C. Martin},
 title = {Agile Software Development: Principles, Patterns, and Practices},
 year = {2003},
 isbn = {0135974445},
 publisher = {Prentice Hall PTR},
 address = {Upper Saddle River, NJ, USA},
} 

