

@Article{ABrandt_JEDendy_HRuppel_1980a,
  author = 	 {A. Brandt and J. E. Dendy, Jr. and H. Ruppel},
  title = 	 {The Multigrid Method for Semi-Implicit Hydrodynamic Codes},
  journal = 	 JournalOFComputationalPhysics,
  year = 	 1980,
  volume =	 34,
  pages =	 {348--370}
}

@Article{REAlcouffe_ABrandt_JEDendy_JWPainter_1981a,
  author = 	 {R. E. Alcouffe and A. Brandt and 
		  J. E. Dendy, Jr. and J. W. Painter},
  title = 	 {The Multi-grid Method for the Diffusion Equation
		  with Strongly Discontinuous Coefficients},
  journal = 	 SIAMJournalSISC,
  year = 	 1981,
  volume =	 2,
  number =	 4,
  month =	 {December},
  pages =	 {430--454}
}

@Article{JEDendy_1982a,
  author = 	 {J. E. Dendy},
  title = 	 {Black Box Multigrid},
  journal = 	 JournalOFComputationalPhysics,
  year = 	 1982,
  volume =	 48,
  pages =	 {366--386}
}

@Article{JEDendy_1983a,
  author = 	 {J. E. Dendy, Jr.},
  title = 	 {Black Box Multigrid for Nonsymmetric Problems},
  journal = 	 AppliedMathematicsANDComputation,
  year = 	 1983,
  volume =	 13,
  pages =	 {261--283}
}

@Article{JEDendy_1986a,
  author = 	 {J. E. Dendy, Jr.},
  title = 	 {Black Box Multigrid for Systems},
  journal = 	 AppliedMathematicsANDComputation,
  year = 	 1986,
  volume =	 19,
  pages =	 {57--74}
}
		  
@Article{JEDendy_1987a,
  author = 	 {J. E. Dendy},
  title = 	 {Two Multigrid Methods for Three-Dimensional Problems
                  with Discontinuous and Anisotropic coefficients},
  journal = 	 SIAMJournalSISC,
  year = 	 1987,
  volume =	 8,
  number =	 2,
  pages =	 {673--685}
}

@Article{JEDendy_1988a,
  author = 	 {J. E. Dendy},
  title = 	 {Black Box Multigrid for Periodic and Singular Problems},
  journal = 	 AppliedMathematicsANDComputation,
  year = 	 1988,
  volume =	 25,
  pages =	 {1--10}
}

@Article{VBandy_RSweet_1992a,
  author = 	 {V. Bandy and R. Sweet},
  title = 	 {A Set of Three Drivers for Boxmg: A Black-Box
		  Multigrid Solver},
  journal = 	 {Communications in Applied Numerical Methods},
  year = 	 1992,
  volume =	 8,
  pages =	 {563--571}
}



