% Aqueous Solutions

% Aqueous Activity Coefficients

@Book{bates-1964,
  author =	 {R. G. Bates},
  title = 	 {Determination of pH},
  publisher = 	 {Wiley and sons, New York},
  year = 	 1964
}

@ARTICLE{bates-1973,
  author = {R. G. Bates},
  title = {Ion activity scales for use with ion-selective electrodes},
  journal = {Pure and Applied Chemistry},
  year = {1973},
  volume = {36},
  pages = {407--420},
}

@Inbook{clegg-1990,
  author =	 {S. L. Clegg and P. Brimblecombe},
  title = 	 {Solubility of Volatile Electrolytes in Multicomponent Solutions with Atmospheric Applications. In Melchoir, D. C. and Bassett, R. L., editors, Chemical Modelling of Aqueous Systems II},
  publisher = 	 {American Chemical Society, Washington D. C.},
  volume =       416,
  year = 	 1990,
  pages =        {58--73}
}



@Book{CWDavies_1962,
  author =	 {C. W. Davies},
  title = 	 {Ion Association},
  publisher = 	 {Butterworths, London},
  year = 	 {1962}
}

@PHDTHESIS{drummond-1981,
  author = {S. E. Drummond, Jr.},
  title = {Boiling and mixing of hydrothermal fluids: Chemical effects on mineral precipitation},
  school = {The Pennsylvania State University},
  address = {University Park, Pennsylvania},
  year = {1981}
}

@ARTICLE{felmy-1986,
  author = {A. R. Felmy and J. H. Weare},
  title = {The prediction of borate mineral equilibrium in natural waters: Application to Searles Lake, California},
  journal = {Geochimica et Cosmochimica Acta},
  year = 1986,
  volume = 50,
  pages = {2771--2783}
}

@ARTICLE{greenberg-1989,
  author  = {J. P. Greenber and N. Moller},
  title   = {The prediction of mineral solubilities in natural waters: 
            A chemical equilibrium model for the {Na-K-Ca-H-Cl-SO$_4$-H$_2$O}
            system to high concentration from 0 to 250$^\circ$C},

  journal = {Geochimica et Cosmochimica Acta},
  year    = 1989,
  volume  = 53,
  pages   = {2503--2518}
}

@PHDTHESIS{harvie-1981,
  author = {C. E. Harvie},
  title = {Theoretical Investigations in geochemistry and atom scattering},
  school = {University of California},
  address = {San Diego, CA},
  year = {1981}
}

@ARTICLE{harvie-1984,
  author = {C. E. Harvie and N. Moller and J. H. Weare},
  title = {The prediction of mineral solubilities in natural waters: 
           the {Na-K-Mg-Ca-H-Cl-SO$_4$-OH-HCO$_3$-CO$_3$-CO$_2$-H$_2$O} 
           system to high ionic strengths at 25$^\circ$C},
  journal = {Geochimica et Cosmochimica Acta},
  year = {1984},
  volume = {48},
  pages = {723--751}
}

@ARTICLE{helgeson-1969,
  author = {T. J. Wolery},
  title = {Thermodynamics of hydrothermal systems at elevated temperatures and pressures},
  journal = {American Journal of Science},
  year = {1969},
  volume = {267},
  pages = {792--804}
}

@ARTICLE{kumar-1986,
  author = {A. Kumar},
  title = {Prediction of densities of concentrated brines by Pitzer theory},
  journal = {Journal of Chemical and Engineering Data},
  year = {1986},
  volume = {31},
  pages = {19--20}
}

@ARTICLE{monnin-1989,
  author = {C. Monnin},
  title = {An ion interaction model for volumetric properties of natural waters: Density of the solution and partial molal volumes of electrolytes to higher concentrations at 25$^\circ$C},
  journal = {Geochimica et Cosmochimica Acta},
  year = {1989},
  volume = {53},
  pages = {1177--1188}
}


@ARTICLE{pitzer-1973,
  author = {Pitzer, K. S.},
  title = {Thermodynamics of electrolytes - I. Theoretical basis and general equations},
  journal = {Journal of Physical Chemistry},
  year = 1973,
  volume = 77,
  pages = {268--277}
}


@ARTICLE{pitzer-1975,
  author = {K. S. Pitzer},
  title = {Thermodynamics of electrolytes - V. Effects of higher-order electrostatic terms},
  journal = {Journal of Solution Chemistry},
  year = {1975},
  volume = {4},
  pages = {249--265}
}


@BOOK{pitzer-1991,
  author = {K. S. Pitzer},
  title = {Ion interaction approach: Theory and Data Correlation in activity coefficients in Electrolyte Solutions},
  publisher = {CRC Press, Boca Raton, Florida},
  year = {1991},
  pages = {75--153}
}

@ARTICLE{pitzer-1986,
  author = {K. S. Pitzer and J. M. Simonson},
  title = {Thermodynamis of multicomponent, miscible, ionic systems: theory and equations},
  journal = {Journal of Physical Chemistry},
  year = {1986},
  volume = {90},
  pages = {3005--3009}
}


@Inbook{plummer-1990,
  author =	 {L. N. Plummer and  D. L. Parkhurst},
  title = 	 {Application of the Pitzer Equations to the PHREEQE Geochemical Model. 
                  In Melchoir, D. C. and Bassett, R. L., editors, Chemical Modelling of Aqueous Systems II},
  publisher = 	 {American Chemical Society, Washington D. C.},
  volume =       416,
  year = 	 1990,
  pages =        {58--73}
}

@TechReport{plummer-1988,
  author       = {L. N. Plummer and D. L. Parkhurst and G. W. Fleming 
                  and S. A. Dunkle},
  title        = {A Computer program incorporating Pitzer's equations 
                  for calculation of geochemical reactions in brines: 
                  United States Geological survey water-resources 
                  investigations report},
  institution  = {USGS},
  year         = {1988},
  number       = {88-4153},  
  pages        = {310--}
}

@ARTICLE{wolery-1990,
  author = {T. J. Wolery},
  title = {On the thermodynamic framework of solutions (with special refernce to aqueous electrolyte solutions}, 
  journal = {American Journal of Science},
  year = {1992},
  volume = {290},
  pages = {296--320}
}

@Manual{wolery-1992,
  author = {T. J. Wolery},
  title = {EQ3NR, A Computer Program for geochemical aqueous speciation-solubility calculations: Theoretical manual, Users Guide, and Related documentation (Version 7.0)},
  institution = {Lawrence Livermore National Laboratory},
  year = 1992
}


% Sorption
@book{appelo-1993,
  title={Geochemistry, groundwater, and pollution},
  publisher={Balkema, Rotterdam}, 
  pages={536},
  year=1993, 
  author={Appelo, CAJ and Postma, D.}
}

@article{arnold-2001,
  title={{Sorption behavior of U (VI) on phyllite: experiments and modeling}},
  author={Arnold, T. and Zorn, T. and Z\"{a}nker, H. and Bernhard, G. and Nitsche, H.},
  journal={Journal of contaminant hydrology},
  volume={47},
  number={2-4},
  pages={219--231},
  year={2001},
  publisher={Elsevier}
}

@article{barnett-2002,
  title={{U (VI) adsorption to heterogeneous subsurface media: Application of a surface complexation model}},
  author={Barnett, M.O. and Jardine, P.M. and Brooks, S.C.},
  journal={Environ. Sci. Technol},
  volume={36},
  number={5},
  pages={937--942},
  year={2002},
  publisher={ACS Publications}
}

@article{bethke2000k,
  title={{How the $K_d$ Approach Undermines Ground Water Cleanup}},
  author={Bethke, C.M. and Brady, P.V.},
  journal={GROUND WATER},
  volume={38},
  number={3},
  pages={435--443},
  year={2000}
}

@incollection{bond-2008,
  title={{Uranium(VI) release from contaminated vadose zone sediments: Estimation of potential contributions from dissolution and desorption}},
  author={Bond, D.L. and Davis, J.A. and Zachara, J.M.},
  editor={Barnett, M. and Kent, D.},
  booktitle={Adsorption of metals by geomedia II: variables, mechanisms, and model applications},
  pages={153},
  year={2008},
  publisher={Elsevier Science Ltd}
}
@article{bouwer-1991,
  title={{Simple derivation of the retardation equation and application to preferential flow and macrodispersion}},
  author={Bouwer, H.},
  journal={Ground Water},
  volume={29},
  number={1},
  pages={41--46},
  year={1991},
  publisher={John Wiley \& Sons}
}

@article{cernik-1996,
  title={{Affinity distribution description of competitive ion binding to heterogeneous materials}},
  author={Cernik, M. and Borkovec, M. and Westall, J.C.},
  journal={Langmuir},
  volume={12},
  number={25},
  pages={6127--6137},
  year={1996},
  publisher={ACS Publications}
}

@article{curtis-2009,
  title={{Comparing Approaches for Simulating the Reactive Transport of U (VI) in Ground Water}},
  author={Curtis, G.P. and Kohler, M. and Davis, J.A.},
  journal={Mine Water and the Environment},
  volume={28},
  number={2},
  pages={84--93},
  year={2009},
  publisher={Springer}
}

@article{curtis-2006,
  title={{Simulation of reactive transport of uranium (VI) in groundwater with variable chemical conditions}},
  author={Curtis, G.P. and Davis, J.A. and Naftz, D.L.},
  journal={Water Resour. Res},
  volume={42},
  number={4},
  year={2006}
}

@article{curtis-2004,
  title={{Comparison of in situ uranium $K_d$ values with a laboratory determined surface complexation model}},
  author={Curtis, G.P. and Fox, P. and Kohler, M. and Davis, J.A.},
  journal={Applied Geochemistry},
  volume={19},
  number={10},
  pages={1643--1653},
  year={2004},
  publisher={Elsevier}
}

@incollection{davis-1990,
  title={{Surface complexation modeling in aqueous geochemistry}},
  booktitle={Mineral-Water Interface Geochemistry},
  author={Davis, JA and Kent, DB},
  journal={Reviews in Mineralogy and Geochemistry},
  editor={Hochella, M. F. and White, A. F.},
  volume={23},
  pages={177--260},
  year=1990,
  publisher={Mineral Soc America}
}

@article{davis-1998,
  title={{Application of the surface complexation concept to complex mineral assemblages}},
  author={Davis, JA and Coston, JA and Kent, DB and Fuller, CC},
  journal={Environ. Sci. Technol},
  volume={32},
  number={19},
  pages={2820--2828},
  year={1998},
  publisher={ACS Publications}
}
@article{davis-2004,
  title={{Approaches to surface complexation modeling of Uranium (VI) adsorption on aquifer sediments1}},
  author={Davis, J.A. and Meece, D.E. and Kohler, M. and Curtis, G.P.},
  journal={Geochimica et Cosmochimica Acta},
  volume={68},
  number={18},
  pages={3621--3641},
  year={2004},
  publisher={Elsevier}
}

@book{dzombak-1990,
  title={{Surface complexation modeling: Hydrous ferric oxide}},
  author={Dzombak, D.A. and Morel, F.},
  year={1990},
  publisher={Wiley-Interscience}
}

@book{freeze-1979,
  title={Groundwater},
  author={Freeze, R.A. and Cherry, J.A.},
  year={1979},
  publisher={Prentice Hall, Englewood Cliffs, New Jersey}
}


@article{glynn-2003,
  title={{Modeling Np and Pu transport with a surface complexation model and spatially variant sorption capacities: implications for reactive transport modeling and performance assessments of nuclear waste disposal sites}},
  author={Glynn, P.D.},
  journal={Computers \& geosciences},
  volume={29},
  number={3},
  pages={331--349},
  year={2003},
  publisher={Elsevier}
}

@ARTICLE{goncalves-2007,
  author = {Gon\c{c}alv\`{e}s, J. and Rousseau-Gueutin, P. and Revil, A.},
  title = {Introducing interacting diffuse layers in TLM calculations: A reappraisal
	of the influence of the pore size on the swelling pressure and the
	osmotic efficiency of compacted bentonites},
  journal = {Journal of Colloid and Interface Science},
  year = 2007,
  volume = 316,
  pages = {92--99},
  number = 1,
  month = dec,
  issn = {0021-9797}
}

@article{hyun-2009,
  year = 2009,
  title={{Surface complexation modeling of U (VI) adsorption by aquifer sediments from a former mill tailings site at Rifle, Colorado}},
  author={Hyun, S.P. and Fox, P.M. and Davis, J.A. and Campbell, K.M. and Hayes, K.F. and Long, P.E.},
  journal={Environmental Science \& Technology},
  pages={5465--5478},
  publisher={ACS Publications}
}


@article{kent-2000,
  title={{Modeling the influence of variable pH on the transport of zinc in a contaminated aquifer using semiempirical surface complexation models}},
  author={Kent, DB and Abrams, RH and Davis, JA and Coston, JA and LeBlanc, DR},
  journal={Water resources research},
  volume={36},
  number={12},
  pages={3411--3425},
  year={2000}
}

@article{kent-2007,
  title={{Modeling the movement of a pH perturbation and its impact on adsorbed zinc and phosphate in a wastewater-contaminated aquifer}},
  author={Kent, DB and Wilkie, JA and Davis, JA},
  journal={Water Resources Research},
  volume={43},
  number={7},
  pages={W07440},
  year={2007},
  publisher={American Geophysical Union}
}

@article{kent-2008,
  title={{Influence of variable chemical conditions on EDTA-enhanced transport of metal ions in mildly acidic groundwater}},
  author={Kent, DB and Davis, JA and Joye, JL and Curtis, GP},
  journal={Environmental Pollution},
  volume={153},
  number={1},
  pages={44--52},
  year={2008},
  publisher={Elsevier}
}

@article{kohler-1996,
  title={{Experimental investigation and modeling of uranium (VI) transport under variable chemical conditions}},
  author={Kohler, M. and Curtis, GP and Kent, DB and Davis, JA},
  journal={Water Resources Research},
  volume={32},
  number={12},
  pages={3539--3551},
  year={1996}
}

@article{kohler-2004,
  title={{Methods for estimating adsorbed uranium (VI) and distribution coefficients of contaminated sediments}},
  author={Kohler, M. and Curtis, G.P. and Meece, D.E. and Davis, J.A.},
  journal={Environ. Sci. Technol},
  volume={38},
  number={1},
  pages={240--247},
  year={2004},
  publisher={ACS Publications}
}

@article{landry-2009,
  title={{Surface complexation modeling of Co (II) adsorption on mixtures of hydrous ferric oxide, quartz and kaolinite}},
  author={Landry, C.J. and Koretsky, C.M. and Lund, T.J. and Schaller, M. and Das, S.},
  journal={Geochimica et Cosmochimica Acta},
  volume={73},
  number={13},
  pages={3723--3737},
  year={2009},
  publisher={Elsevier}
}

@book{langmuir-1997,
  title={{Aqueous Environmental Geochemistry}},
  author={Langmuir, D.},
  year={1997},
  publisher={Prentice Hall, New Jersey}
}

@article{payne-2004,
  title={{Uranium adsorption on weathered schist--intercomparison of modelling approaches}},
  author={Payne, T.E. and Davis, J.A. and Ochs, M. and Olin, M. and Tweed, C.J.},
  journal={Radiochimica Acta/International journal for chemical aspects of nuclear science and technology},
  volume={92},
  number={9-11/2004},
  pages={651--661},
  year={2004},
  publisher={Oldenbourg}
}

@book{sposito-1981,
  title={{The thermodynamics of soil solution}},
  author={Sposito, G. and Sparks, DL},
  year={1981},
  publisher={Oxford}
}

@book{stumm-1992,
  title     = {Chemistry of the solid-water interface: processes at the 
               mineral-water and particle-water interface in natural systems},
  author    = {W. Stumm},
  publisher = {John Wiley \& Sons},
  address   = {New York},
  pages     = {1--335},
  year      = 1992
}

@article{voegelin-2000,
  title={{Multicomponent transport of major cations predicted from binary adsorption experiments}},
  author={Voegelin, A. and Vulava, V.M. and Kuhnen, F. and Kretzschmar, R.},
  journal={Journal of contaminant hydrology},
  volume={46},
  number={3-4},
  pages={319--338},
  year={2000},
  publisher={Elsevier}
}

@article{vanselow-1932,
  title={{Equilibria of the base-exchange reactions of bentonites, permutites, soil colloids, and zeolites}},
  author={Vanselow, A.P.},
  journal={Soil Science},
  volume={33},
  number={2},
  pages={95},
  year={1932}
}

@article{yabusaki-2008,
  title={{Building conceptual models of field-scale uranium reactive transport in a dynamic vadose zone-aquifer-river system}},
  author={Yabusaki, S.B. and Fang, Y. and Waichler, S.R.},
  journal={Water Resources Research},
  volume={44},
  number={W12403},
  year={2008},
  publisher={AMERICAN GEOPHYSICAL UNION, 2000 Florida Ave, N W, Washington, DC, 20009-1277, USA,}
}

@article{zhang-2009,
  title={{Comparison of Approaches to Calibrate a Surface Complexation Model for U (VI) Sorption to Weathered Saprolite}},
  author={Zhang, F. and Parker, J.C. and Brooks, S.C. and Kim, Y.J. and Tang, G. and Jardine, P.M. and Watson, D.B.},
  journal={Transport in Porous Media},
  volume={78},
  number={2},
  pages={185--197},
  year={2009},
  publisher={Springer}
}

@article{zhu-2003,
  title={{A case against Kd-based transport models: natural attenuation at a mill tailings site}},
  author={Zhu, C.},
  journal={Computers \& geosciences},
  volume={29},
  number={3},
  pages={351--359},
  year={2003},
  publisher={Elsevier}
}

% Reaction induced porosity changes
@misc{bear-1972,
  title={{Dynamics of fluids in porous media}},
  author={Bear, J.},
  year={1972},
  publisher={American Elsevier, New York}
}

@article{steefel-1994,
  title={{A coupled model for transport of multiple chemical species and kinetic precipitation/dissolution reactions with applications to reactive flow in single phase hydrothermal systems}},
  author={Steefel, C.I. and Lasaga, A.C.},
  journal={American Journal of Science},
  volume={294},
  number={5},
  pages={529--592},
  year={1994},
}

@article{verma-1988,
  title={{Thermohydrological conditions and silica redistribution near high-level nuclear wastes emplaced in saturated geological formations}},
  author={Verma, A. and Pruess, K.},
  journal={J. Geophys. Res},
  volume={93},
  number={B2},
  year={1988}
}

@article{pape-1999,
  title={{Permeability prediction for reservoir sandstones and basement rocks based on fractal pore space geometry}},
  author={Pape, H. and Clauser, C. and Iffland, J.},
  journal={Geophysics},
  volume={64},
  number={5},
  pages={1447--1460},
  year={1999}
}

@incollection{vaughan-1989,
  title={Analysis of permeability reduction during flow of heated, aqueous fluid through Westerly Granite},
  author={Vaughan, PJ},
  booktitle={Coupled processes associated with nuclear waste repositories},
  pages={529--539},
  editor={Tsang, C. F.},
  year={1989},
  publisher={Academic Press, New York}
}


@article{slider-1976,
  title={{Practical Petroleum Reservoir Engineering Methods, An Energy Conservation Science}},
  author={Slider, HC},
  journal={Petroleum Publishing Co., Tulsa, OK},
  year={1976}
}

@article{pabalan1987thermodynamics,
  title={{Thermodynamics of concentrated electrolyte mixtures and the prediction of mineral solubilities to high temperatures for mixtures in the system Na-K-Mg-Cl-SO4-OH-H2O}},
  author={Pabalan, R.T. and Pitzer, K.S.},
  journal={Geochimica et Cosmochimica Acta},
  volume={51},
  number={9},
  pages={2429--2443},
  year={1987},
  publisher={Elsevier}
}

@article{thomsen2004thermodynamics,
  title={{Thermodynamics of Electrolyte Systems of Industry}},
  author={THOMSEN, KAJ},
  journal={Chemical thermodynamics for industry},
  pages={219},
  year={2004},
  publisher={Royal Society of Chemistry}
}

@article{thomsen1999modeling,
  title={{Modeling of vapor-liquid-solid equilibrium in gas-aqueous electrolyte systems}},
  author={Thomsen, K. and Rasmussen, P.},
  journal={Chemical Engineering Science},
  volume={54},
  number={12},
  pages={1787--1802},
  year={1999},
  publisher={Elsevier}
}

@article{thomsen1996correlation,
  title={{Correlation and prediction of thermal properties and phase behaviour for a class of aqueous electrolyte systems}},
  author={Thomsen, K. and Rasmussen, P. and Gani, R.},
  journal={Chemical Engineering Science},
  volume={51},
  number={14},
  pages={3675--3683},
  year={1996},
  publisher={Elsevier}
}

@article{thomsen1998simulation,
  title={{Simulation and optimization of fractional crystallization processes}},
  author={Thomsen, K. and Rasmussen, P. and Gani, R.},
  journal={Chemical Engineering Science},
  volume={53},
  number={8},
  pages={1551--1564},
  year={1998},
  publisher={Elsevier}
}

@misc{thomsen1997aqueous,
  title={{Aqueous electrolytes: model parameters and process simulation}},
  author={Thomsen, K.},
  year={1997},
  publisher={Department of Chemical Engineering, Technical University of Denmark}
}

@article{thomsen2005modeling,
  title={{Modeling electrolyte solutions with the extended universal quasichemical (UNIQUAC) model}},
  author={Thomsen, K.},
  journal={Pure and applied chemistry},
  volume={77},
  number={3},
  pages={531--542},
  year={2005},
  publisher={Oxford; New York: Pergamon Press [etc.], 1960-}
}


% Reactive Surface Area
