@book{van_1970,
  title={{The computation of chemical equilibria}},
  author={Van Zeggeren, F. and Storey, SH},
  year={1970},
  publisher={Cambridge Univ Pr}
}

@article{aagaard_1982,
  title={{Thermodynamic and kinetic constraints on reaction rates among minerals and aqueous solutions; I, Theoretical considerations}},
  author={Aagaard, P. and Helgeson, H.C.},
  journal={American journal of Science},
  volume={282},
  number={3},
  pages={237},
  year={1982}
}

@article{aris_1965,
  title={{Prolegomena to the rational analysis of systems of chemical reactions}},
  author={Aris, R.},
  journal={Archive for rational mechanics and analysis},
  volume={19},
  number={2},
  pages={81--99},
  year={1965},
  publisher={Springer}
}

@article{bowen_1968,
  title={{On the stoichiometry of chemically reacting materials}},
  author={Bowen, R. M.},
  journal={Archive for Rational Mechanics and Analysis},
  volume={29},
  number={2},
  pages={114--124},
  year={1968},
  publisher={Springer}
}

@article{hooyman_1961,
  title={{On thermodynamic coupling of chemical reactions}},
  author={Hooyman, G. J.},
  journal={Proceedings of the National Academy of Sciences of the United States of America},
  volume={47},
  number={8},
  pages={1169},
  year={1961},
  publisher={National Academy of Sciences}
}

@article{kirkner_1988,
  title={{Multicomponent mass transport with homogeneous and heterogeneous chemical reactions: The effect of the chemistry on the choice of numerical algorithm, part 1. Theory}},
  author={Kirkner, D. J. and Reeves, H.},
  journal={Water Resources Research},
  volume={24},
  pages={1719--1729},
  year={1988}
}

@incollection{lasaga_1981,
  title={{Rate laws of chemical reactions}},
  author={Lasaga, A. C.},
  booktitle={Kinetics of Geochemical Processes, Reviews in Mineralogy and Geochemistry},
  editor={A. C. Lasaga and R. J. Kirkpatrick},
  pages={135--169},
  year={1981},
  publisher={Mineral Soc America}
}

@article{lasaga_1984 ,
  title={{Chemical kinetics of water-rock interactions}},
  author={Lasaga, A. C.},
  journal={J. Geophys. Res},
  volume={89},
  number={B6},
  pages={4009--4025},
  year={1984}
}

@article{reed_1982,
  title={{Calculation of multicomponent chemical equilibria and reaction processes in systems involving minerals, gases and an aqueous phase}},
  author={Reed, M. H.},
  journal={Geochimica et Cosmochimica Acta},
  volume={46},
  number={4},
  pages={513--528},
  year={1982},
  publisher={Elsevier}
}

@incollection{steefel_1996,
  title={{Approaches to modeling of reactive transport in porous media}},
  author={Steefel, C. I. and MacQuarrie, K. T. B.},
  booktitle={Reactive Transport in Porous Media, Reviews in Mineralogy and Geochemistry {\bf 34} },
  pages={83--125},
  year={1996},
  publisher={Mineral Soc America}
}
