@article{langton2009reference,
  title={{REFERENCE CASES FOR USE IN THE CEMENTITIOUS BARRIERS PARTNERSHIP}},
  author={Langton, C.},
  year={2009},
  publisher={SRNL-STI-02009-00005, SRS}
}

@article{meeussen2003orchestra,
  title={{ORCHESTRA: An object-oriented framework for implementing chemical equilibrium models}},
  author={Meeussen, J.C.L.},
  journal={Environ. Sci. Technol},
  volume={37},
  number={6},
  pages={1175--1182},
  year={2003},
  publisher={ACS Publications}
}

@article{partnership2010task,
  title={{TASK 7 DEMONSTRATION OF THAMES FOR MICROSTRUCTURE AND TRANSPORT PROPERTIES}},
  author={Partnership, C.B.},
  year={2010}
}

@article{flach2009description,
  title={{DESCRIPTION OF THE SOFTWARE AND INTEGRATING PLATFORM}},
  author={Flach, G.},
  year={2009}
}