@article{abdel_1995,
  title={{Modeling of colloid and colloid-facilitated contaminant transport in a two-dimensional fracture with spatially variable aperture}},
  author={Abdel-Salam, A. and Chrysikopoulos, C. V.},
  journal={Transport in porous media},
  volume={20},
  number={3},
  pages={197--221},
  year={1995},
  publisher={Springer}
}

@book{bird_1960,
  title={{Transport Phenomena}},
  author={Bird, R. B. and Stewart, W. E. and Lightfoot, E. N.},
  publisher={John Wiley \& Sons},
  address={New York},
  year={1960}
}

@article{bowen_1979,
  title={{Fine particle deposition in smooth parallel-plate channels}},
  author={Bowen, B. D. and Epstein, N.},
  journal={Journal of colloid and interface science},
  volume={72},
  number={1},
  pages={81--97},
  year={1979},
  publisher={Elsevier}
}

@techreport{buck_2003,
  title={Waste Form and In-Drift Colloids-Associated Radionuclide Concentrations:  Abstraction and Summary},
  author={Buck, E. and Aguilar, R. and Alcorn, S. and Cunnane, J.},
  year={2003},
  number={MDL-EBS-PA-000004 REV 00},
  institution={ Bechtel SAIC Company},
  address={Las Vegas, Nevada}
}

@article{buddemeier_1988,
  title={{Transport of colloidal contaminants in groundwater: radionuclide migration at the Nevada Test Site}},
  author={Buddemeier, R. W. and Hunt, J. R.},
  journal={Applied Geochemistry},
  volume={3},
  number={5},
  pages={535--548},
  year={1988},
  publisher={Elsevier}
}

@techreport{cook_1989,
  title={{A desk study of surface diffusion and mass transport in clay}},
  author={Cook, A. J.},
  year={1989},
  number={EUR-12381EN},
  institution={Commission of the European Communities },
  address={Brussels, Luxembourg}
}

@inproceedings{corapcioglu_1987,
  title={{Governing equations for particle transport in porous media}},
  author={Corapcioglu, M. Y. and Abboud, N. M. and Haridas, A.},
    booktitle={Proceedings of the NATO Advanced Study Institute on Fundamentals of Transport Phenomena in Porous Media", Newark, Delaware, USA, July 14-23, 1985},
    editor={Bear, J. and Corapcioglu, M. Y.},
  pages={209--342},
  year=1987
}

@book{cussler_1997,
  title={{Diffusion: Mass transfer in fluid systems}},
  author={Cussler, E. L.},
  year={1997},
  publisher={Cambridge University Press},
  address={New York} 
}

@article{cvetkovic_2004,
  title={{Parameter and model sensitivities for colloid-facilitated radionuclide transport on the field scale}},
  author={Cvetkovic, V. and Painter, S. and Turner, D. and Pickett, D. and Bertetti, P.},
  journal={Water Resources Research},
  volume={40},
  number={6},
  pages={W06504},
  year={2004},
  publisher={American Geophysical Union}
}

@book{de_1986,
  title={{Quantitative Hydrogeology: Groundwater Hydrology for Engineers}},
  author={De Marsily, G.},
  publisher={Academic},
  address ={San Diego, California},
  year={1986}
}

@inproceedings{ding_2006,
  title={Sorption Characteristics of Radionuclides on Clays 
         in Yucca Mountain Alluvium},
  author={Ding, M. and Reimus, P. W. and Lukens, W. 
          and Chipera, S. and Scism, C.},
  booktitle={IHLRWM 2006, April 30 -- May 4 2006},
    address={Las Vegas, Nevada},
  year={2006}
}

@techreport{dobson_2004,
  title={{Development of Numerical Grids for UZ Flow and Transport Modeling}},
  author={Dobson, P. and Pan, L. and Hedegaard, R. and Wu, Y-S.  },
  year={2004},
  number={ANL-NBS-HS-000015, Rev. 02},
  institution={Bechtel SAIC Company, Las Vegas, Nevada;  Lawrence Berkeley National Laboratory, Berkeley, California},
}

@techreport{EPRI_1999,
  title={{Colloids in Saturated and Partially-Saturated Porous Media, Approaches to the Treatment of Colloids in Yucca Mountain Total System Performance Assessment}},
  author={EPRI },
  year={1999},
  number={EPRI TR-112135},
  institution={Electric Power Research Institute},
  address={Palo Alto, California}
}

@article{farrell_1994,
  title={{Desorption of halogenated organics from model solids, sediments, and soil under unsaturated conditions. 2. Kinetics}},
  author={Farrell, J. and Reinhard, M.},
  journal={Environmental science \& technology},
  volume={28},
  number={1},
  pages={63--72},
  year={1994},
  publisher={ACS Publications}
}

@techreport{flint_1998,
  title={{Characterization of Hydrogeologic Units Using Matrix Properties, Yucca Mountain, Nevada}},
  author={Flint, L. E.},
  number={USGS Water-Resources Investigations Report 97-4243},
  institution={USGS},
  address={Yucca Mountain, Nevada},
  year={1998}
}

@article{flint_2001,
  title={{Evolution of the conceptual model of unsaturated zone hydrology at Yucca Mountain, Nevada}},
  author={Flint, A. L. and Flint, L. E. and Bodvarsson, G. S. and Kwicklis, E. M. and Fabryka-Martin, J.},
  journal={Journal of Hydrology},
  volume={247},
  number={1-2},
  pages={1--30},
  year={2001},
  publisher={Elsevier}
}

@techreport{ghezzehei_2004,
  title={{Calibrated properties model}},
  author={Ghezzehei, TA and Liu, HH},
  number={MDL-NBS-HS-000003 REV 02},
  institution={Bechtel SAIC Company, Las Vegas, Nevada;  Lawrence Berkeley National Laboratory, Berkeley, California},
  year={2004}
}

@book{grathwohl_2000,
  title={{Diffusion in natural porous media: Contaminant transport, sorption/desorption and dissolution kinetics}},
  author={Grathwohl, P.},
  year={2000},
  publisher={Springer},
  address={Boston, Massachusetts}
}
@article{harvey_1991,
  title={{Use of colloid filtration theory in modeling movement of bacteria through a contaminated sandy aquifer}},
  author={Harvey, R. W. and Garabedian, S. P.},
  journal={Environmental science \& technology},
  volume={25},
  number={1},
  pages={178--185},
  year={1991},
  publisher={ACS Publications}
}
@article{herzig_1970,
  title={Flow of suspensions through porous media: Application to 
         deep filtration},
  author={Herzig, J. P. and Leclerc, D. M. and Goff, P.},
  journal={Industrial \& Engineering Chemistry},
  volume=62,
  number=5,
  pages={8--35},
  year=1970,
  publisher={ACS Publications}
}

@article{hinds_1999,
  title={{Numerical modeling of perched water under Yucca Mountain, Nevada}},
  author={Hinds, J. J. and Ge, S. and Fridrich, C. J.},
  journal={Ground water},
  volume={37},
  number={4},
  pages={498--504},
  year={1999}
}
@article{ibaraki_1995,
  title={{Colloid-facilitated contaminant transport in discretely fractured porous media 1. Numerical formulation and sensitivity analysis}},
  author={Ibaraki, M. and Sudicky, E. A.},
  journal={Water Resources Research},
  volume={31},
  number={12},
  pages={2945--2960},
  year={1995},
  publisher={American Geophysical Union}
}
@article{jacobsen_1997,
  title={{Particle transport in macropores of undisturbed soil columns}},
  author={Jacobsen, O. H. and Moldrup, P. and Larsen, C. and Konnerup, L. and Petersen, L. W.},
  journal={Journal of Hydrology},
  volume={196},
  number={1-4},
  pages={185--203},
  year={1997},
  publisher={Elsevier}
}
@incollection{jahnke_1987,
  title={Electrolyte Diffusion in Compacted Montmorillonite 
         Engineered Barriers},
  author={P. M. Jahnke and C. J. Radke},
  booktitle={Coupled processes associated with nuclear waste repositories},
  editor={C-F. Tsang},
  year=1987,
  address={Orlando, Florida},
  publisher={Academic Press}
}
@article{james_1999,
  title={{Transport of polydisperse colloid suspensions in a single fracture}},
  author={James, S. C. and Chrysikopoulos, C. V.},
  journal={Water Resources Research},
  volume={35},
  number={3},
  pages={707--718},
  year={1999},
}

@article{kersting_1999,
  title={{Migration of plutonium in ground water at the Nevada Test Site}},
  author={Kersting, A. B. and Efurd, D. W. and Finnegan, D. L. and Rokop, D. J. and Smith, D. K. and Thompson, J. L.},
  journal={Nature},
  volume={397},
  number={6714},
  pages={56--59},
  year={1999},
  publisher={Nature Publishing Group}
}

@article{kretzschmar_1997,
  title={{Experimental determination of colloid deposition rates and collision efficiencies in natural porous media}},
  author={Kretzschmar, R. and Barmettler, K. and Grolimund, D. and Yan, Y. D. and Borkovec, M. and Sticher, H.},
  journal={Water Resources Research},
  volume={33},
  number={5},
  pages={1129--1137},
  year={1997},
  publisher={AGU AMERICAN GEOPHYSICAL UNION}
}
@article{kretzschmar_1995,
  title={{Influence of natural organic matter on colloid transport through saprolite}},
  author={Kretzschmar, R. and Robarge, W. P. and Amoozegar, A.},
  journal={Water Resources Research},
  volume={31},
  number={3},
  pages={435--445},
  year={1995},
  publisher={American Geophysical Union}
}
@book{lide_2003,
  title={{Handbook of chemistry and physics}},
  author={Lide, D. R.},
  year={2003},
  publisher={CRC Press}
}

@techreport{magnuson_2004,
  title={Radionuclide Transport Models Under Ambient Conditions},
  author={Magnuson, S. Moridis, G.; Meijer, A.; and Apps, J. },
  year={2004},
  number={MDL-NBS-HS-000008, REV 02},
  institution={Bechtel SAIC Company, Las Vegas, Nevada;  Lawrence Berkeley National Laboratory, Berkeley, California},
  }

@article{mccarthy_1989,
  title={{Subsurface transport of contaminants}},
  author={McCarthy, J. F. and Zachara, J. M.},
  journal={Environmental Science \& Technology},
  volume={23},
  number={5},
  pages={496--502},
  year={1989},
  publisher={American chemical society}
}

@techreport{mcgraw_1997,
  title={{Colloid suspension stability and transport through unsaturated porous media}},
  author={McGraw, M. A. and Kaplan, D. I.},
  year={1997},
  number={PNNL--11565},
  institution={Pacific Northwest National Laboratory}, 
  address={Richland, Washington}
}
@techreport{mcgraw_2000,
  title={{UZ colloid transport model}},
  author={McGraw, M.},
  year={2000},
  number={ANL-NBS-HS-000028, REV 00},
  institution={CRWMS M&O},
  address={ Las Vegas, Nevada}
}

@techreport{meijer_2001,
  title={{Unsaturated Zone and Saturated Zone Transport Properties (U0100)}},
  author={Meijer, A.},
  year={2001},
  number={AANL-NBS-HS-000019 REV 00 ICN 02},
  institution={Bechtel SAIC Company},
  address={ Las Vegas, Nevada}
}

@article{moridis_1999a,
  title={Semianalytical solutions for parameter estimation in 
         diffusion cell experiments},
  author={Moridis, G. J.},
  journal={Water Resources Research},
  volume=35,
  pages={1729--1740},
  year=1999
}

@techreport{moridis_1999b,
  title={EOS9nT: A {TOUGH2} module for the simulation of water flow and 
         solute/colloid transport in the subsurface},
  author={Moridis, G. J. and Wu, Y-S. and Pruess, K.},
  number={LBNL-42351},
  institution={Lawrence Berkeley National Laboratory}, 
  address={Berkeley, CA},
  year=1999
}

@article{moridis2003preliminary,
  title={Preliminary 3-D site-scale studies of radioactive colloid 
         transport in the unsaturated zone at {Y}ucca {M}ountain, {N}evada},
  author={Moridis, G. J. and Hu, Q. and Wu, Y-S. and Bodvarsson, G. S.},
  journal={Journal of contaminant hydrology},
  volume=60,
  number={3-4},
  pages={251--286},
  year=2003,
  publisher={Elsevier}
}

@article{moridis-nonsorbing_2006,
  title={A 3-Dimensional Mountain Scale Model for Non-Sorbing Radionuclide 
         Transport Under Ambient Conditions},
  author={Y. Seol and G. J. Moridis},
  year=2006,
  note={Manuscript in Review}
}

@article{moridis-sorbing_2006,
  title={A 3-Dimensional Mountain Scale Model for Sorbing Radionuclide
         Transport Under Ambient Conditions},
  author={Y. Seol and G. J. Moridis},
  year=2006,
  note={Manuscript in Preparation}
}

@inproceedings{nuttall_1991,
  title={{Radiocolloid transport in saturated and unsaturated fractures}},
  author={Nuttall, H. E. and Jain, R. and Fertelli, Y.},
  booktitle={High Level Radioactive Waste Management, Proceedings of the Second Annual International Conference, Las Vegas, Nevada, April 28-May 3, 1991},
  pages={189--196},
  year=1991,
  publisher={American Nuclear Society},
  address={La Grange Park, Illinois}
}

@inproceedings{painter_2006,
  title={{Effect of Kinetic Limitations on Colloid-Facilitated Radionuclide Transport at the Field Scale}},
  author={Painter, S. L. and Cvetkovic, V.},
  booktitle={IHLRWM 2006, April 30-May 4 2006 },
  year=2006,
  address={Las Vegas, Nevada},
  
  
}
@techreport{pan_2004,
  title={{Analysis of hydrologic properties data}},
  author={Pan, L. and Liu, H. H.  },
  year=2004,
  number ={ANL-NBS-HS-000042, REV 00},
    institution={Bechtel SAIC Company, Las Vegas, Nevada;  Lawrence Berkeley National Laboratory, Berkeley, California},
}

@techreport{pruess_1991,
  title={{TOUGH2: A general-purpose numerical simulator for multiphase fluid and heat flow}},
  author={Pruess, K.},
  year=1991,
  number={LBL-29400},
  institution={Lawrence Berkeley National Laboratory},
  address={Berkeley, California}
}
@article{roberts_1997,
  title={{Electrical properties of partially saturated Topopah Spring tuff: Water distribution as a function of saturation}},
  author={Roberts, J. J. and Lin, W.},
  journal={Water resources research},
  volume=33,
  number=4,
  pages={577--587},
  year=1997,
  publisher={American Geophysical Union}
}
@techreport{sakthivadivel_1969,
  title={{Clogging of a granular porous medium by sediment, Final Report}},
  author={Sakthivadivel, R.},
  number={Rep. HEL 15--7},
  institution={Hydraulic Engineering Laboratory, College of Engineering, University of California},
  address={Berkeley, California},
  year=1969
}
@article{saltelli_1984,
  title={{Americium filtration in glauconitic sand columns.}},
  author={Saltelli, A. and Bidoglio, G.},
  journal={NUCLEAR TECHNOL.},
  volume=67,
  number=2,
  pages={245--254},
  year=1984
}
@article{salve_2005,
  title={{Development of a wet plume following liquid release along a fault}},
  author={Salve, R. and Hudson, D. and Liu, H. H. and Wang, J. S. Y.},
  journal={Vadose Zone Journal},
  volume=4,
  number=1,
  pages=89,
  year=2005,
  publisher={Soil Sci Soc America}
}
@techreport{scott_1984,
  title={{Preliminary geologic map of Yucca Mountain, Nye County, Nevada with geologic sections}},
  author={Scott, R. B. and Bonk, J.},
  year=1984,
  number={USGS-OFR--84-494},
  institution={United States Geological Survey (USGS)},
  address={ Denver, Colorado}
}

@article{severino_2007,
  title={{Spatial moments for colloid-enhanced radionuclide transport in heterogeneous aquifers}},
  author={Severino, G. and Cvetkovic, V. and Coppola, A.},
  journal={Advances in Water Resources},
  volume=30,
  number=1,
  pages={101--112},
  year=2007,
  publisher={Elsevier}
}
@article{van_1997,
  title={{Assessment of the effect of kinetics on colloid facilitated radionuclide transport in porous media}},
  author={Van de Weerd, H. and Leijnse, A.},
  journal={Journal of contaminant hydrology},
  volume=26,
  number={1-4},
  pages={245--256},
  year=1997,
  publisher={Elsevier}
}
@techreport{viswanathan_2004,
  title={{Saturated Zone Colloid Transport}},
  author={Viswanathan, HS},
  year=2003,
  number={ANL-NBS-HS-000031, REV 01},
  institution={Bechtel SAIC Company},
  address={Las Vegas, Nevada}
}
@article{wan_1994,
  title={{Colloid transport in unsaturated porous media}},
  author={Wan, J. and Wilson, J. L.},
  journal={Water Resources Research},
  volume=30,
  number=4,
  pages={857--864},
  year=1994
}
@article{wan_1997,
  title={{Film straining of colloids in unsaturated porous media: Conceptual model and experimental testing}},
  author={Wan, J. and Tokunaga, T. K.},
  journal={Environmental Science \& Technology},
  volume=31,
  number=8,
  pages={2413--2420},
  year=1997
}
@techreport{wu_1996,
  title={{Software qualification of selected TOUGH2 modules}},
  author={Wu, Y-S. and Ahlers, C. F. and Fraser, P. and Simmons, A. and Pruess, K.},
  year=1996,
  number={LBNL--39490},
  institution={Lawrence Berkeley National Laboratory},
  address={Berkeley, California}
}
@article{wu_1999,
  title={{A modeling study of perched water phenomena in the unsaturated zone at Yucca Mountain}},
  author={Wu, Y-S., and Ritcey, A. C. and Bodvarsson, G. S.},
  journal={Journal of Contaminant Hydrology},
  volume=38,
  number={1-3},
  pages={157--184},
  year=1999,
  publisher={Elsevier}
}
@techreport{wu_2004a,
  title={{UZ flow models and submodels}},
  author={Wu, Y-S., Lu, G.; Zhang, K.; Zhang, G.; Liu, H.H.; Xu, T.; and Sonnenthal, E.L. },
  number={MDL-NBS-HS-000006, REV 02},
  year=2004,
  institution={Bechtel SAIC Company, Las Vegas, Nevada;  Lawrence Berkeley National Laboratory, Berkeley, California},
}

@article{wu_2004b,
  title={{A mountain-scale model for characterizing unsaturated flow and transport in fractured tuffs of Yucca Mountain}},
  author={Wu, Y-S. and Lu, G. and Zhang, K. and Bodvarsson, G. S.},
  journal={Vadose Zone Journal},
  volume=3,
  number=3,
  pages=796,
  year=2004,
  publisher={Soil Sci Soc America}
}
