@article{labolle_1996,
  title={{Random-walk simulation of transport in heterogeneous porous media: Local mass-conservation problem and implementation methods}},
  author={LaBolle, E. M. and Fogg, G. E. and Tompson, A. F. B.},
  journal={Water Resources Research},
  volume={32},
  number={3},
  pages={583--593},
  year={1996}
}

@article{lichtner_2002,
  title={{New form of dispersion tensor for axisymmetric porous media 
         with implementation in particle tracking}},
  author={Lichtner, P.C. and Kelkar, S. and Robinson, B.},
  journal={Water Resources Research},
  volume={38},
  number={8},
  pages={21-1 -- 21-16},
  year={2002},
  publisher={American Geophysical Union}
}

@article{neuman_1990,
  title={{Universal scaling of hydraulic conductivities and dispersivities in geologic media}},
  author={Neuman, S. P.},
  journal={Water Resources Research},
  volume={26},
  number={8},
  pages={1749--1758},
  year={1990}
}