
@article{beard_1973,
  title={{Influence of Texture on Porosity and Permeability of Unconsolidated Sand}},
  author={Beard, D. C. and Weyl, P. K.}, 
  journal={AAPG Bulletin},
  volume={57},
  number={2},
  pages={349},
  year={1973},
  publisher={Am Assoc Petrol Geol}
}

@article{biot_1941,
  author={M.A. Biot},
  title={General theory of three-dimensional consolidation},
  journal={J. Appl. Phys.},
  volume=12,
  pages={155--164},
  year=1941
}

@article{biot_1955,
  author={M.A. Biot},
  title={Theory of elasticity and consolidation for porous anisotropic solid},
  journal={J. Appl. Phys.},
  volume=26,
  pages={182--185},
  year=1955
}

@article{biot_1957,
  author={M.A. Biot and D.G. Willis},
  title={The elastic coefficients of the theory of consolidation},
  journal={J. Appl. Mech.},
  volume=24,
  pages={594--601},
  year=1957
}

@article{biot_1973,
  author={M.A. Biot},
  title={Nonlinear and semilinear rheology of porous solids},
  journal={J. Geophy. Res.},
  volume=73,
  pages={4924--4937},
  year=1973
}

@article{dewers_1990a,
  title={{A coupled reaction/transport/mechanical model for intergranular pressure solution, stylolites, and differential compaction and cementation in clean sandstones}},
  author={Dewers, T. and Ortoleva, P.},
  journal={Geochimica et Cosmochimica Acta},
  volume={54},
  number={6},
  pages={1609--1625},
  year={1990},
  publisher={Elsevier}
}

@article{dewers_1990b,
  title={{Geochemical self-organization III: A mean field, pressure solution model of spaced cleavage and metamorphic segregational layering}},
  author={Dewers, T. and Ortoleva, P.},
  journal={American Journal of Science},
  volume={290},
  pages={473--521},
  year={1990},
}

@article{dewers_1994,
  title={{Nonlinear dynamical aspects of deep basin hydrology: fluid compartment formation and episodic fluid release}},
  author={Dewers, T. and Ortoleva, P.},
  journal={American Journal of Science},
  volume={294},
  number={6},
  pages={713--755},
  year={1994}
}

@article{dysthe_2006,
  title={{Evolution of mineral-fluid interfaces studied at pressure with synchrotron X-ray techniques}},
  author={Dysthe, D. K. and Wogelius, R. A. and Tang, C. C. and Nield, A. A.},
  journal={Chemical geology},
  volume={230},
  number={3-4},
  pages={232--241},
  year={2006},
  publisher={Elsevier}
}

@inproceedings{gratier_1993,
  title={{Pressure solution as a mechanism for crack-sealing around faults}},
  author={Gratier, J. P. and Chen T. and Hellman, R. },
  booktitle={Proceeding of the Workshop LXIII ``The Mechanical Involvement of Fluids in Faulting''},
  editor={S. Hickman and R. Sibson and R. Bruhn},
  year=1993,
  pages={279--300},
  publisher={U.S. Geological Survey},
  address={Menlo Park, California}
}

@article{gratier_1986,
  title={{Experimental pressure solution-deposition on quartz grains: the crucial effect of the nature of the fluid}},
  author={Gratier, J. P. and Guiguet, R.},
  journal={Journal of Structural Geology},
  volume={8},
  number={8},
  pages={845--856},
  year={1986},
  publisher={Elsevier}
}

@article{kamb_1959,
  title={{Theory of preferred crystal orientation developed by crystallization under stress}},
  author={Kamb, W.B.},
  journal={The Journal of Geology},
  volume={67},
  number={2},
  pages={153--170},
  year={1959},
  publisher={JSTOR}
}

@InProceedings{keller_1980,
  author = 	 {J. B. Keller},
  title = 	 {Darcy's law for flow in porous media and 
                  the two-space method},
  booktitle =	 {Nonlinear Partial Differential Equations 
                  in Engineering and Applied Science},
  pages =	 {429--443},
  year =	 1980,
  editor =	 {Sternberg et al.},
  publisher =	 {Marcel Dekker}
}

@misc{lambe_1979,
  title={{Soil Mechanics, SI edition}},
  author={Lambe, TW and Whitman, RV},
  year={1979},
  edition={second},
  publisher={Wiley, New York}
}

@article{luo_1992,
  title={{Contributions of compaction and aquathermal pressuring to geopressure and the influence of environmental conditions}},
  author={Luo, X. and Vasseur, G.},
  journal={AAPG Bulletin},
  volume={76},
  number={10},
  pages={1550--1559},
  year={1992}
}

@article{mckenzie_1984,
  title={{The generation and compaction of partially molten rock}},
  author={McKENZIE, DAN},
  journal={Journal of Petrology},
  volume={25},
  number={3},
  pages={713},
  year={1984},
  publisher={Oxford Univ Press}
}

@article{mckenzie_1987,
  title={{The compaction of igneous and sedimentary rocks}},
  author={McKenzie, DP},
  journal={Journal of the Geological Society},
  volume={144},
  number={2},
  pages={299},
  year={1987},
  publisher={Geological Soc London}
}

@article{ortoleva_1987,
  title={{Geochemical self-organization I: reaction-transport feedbacks and modeling approach}},
  author={Ortoleva, P. and Merino, E. and Moore, C. and Chadam, J.},
  journal={American Journal of Science},
  volume={287},
  number={10},
  pages={979},
  year={1987}
}

@article{palciauskas_1989,
  title={{Fluid pressures in deforming porous rocks}},
  author={Palciauskas, V. V. and Domenico, P. A.},
  journal={Water Resources Research},
  volume={25},
  pages={203--213},
  year={1989},
  publisher={American Geophysical Union}
}


@article{renard_1997,
  title={{Water films at grain-grain contacts: Debye-H{\\"u}ckel, osmotic model of stress, salinity, and mineralogy dependence}},
  author={Renard, F. and Ortoleva, P.},
  journal={Geochimica et cosmochimica Acta},
  volume={61},
  number={10},
  pages={1963--1970},
  year={1997},
  publisher={Elsevier}
}

@article{rutter_1983,
  title={{Pressure solution in nature, theory and experiment}},
  author={Rutter, EH},
  journal={Journal of Geological Society},
  volume={140},
  number={5},
  pages={725},
  year={1983}
}


@inproceedings{sonnenthal_1992,
  author={Sonnenthal E.L. and  Maxwell J.M. and Qin C. and Ortoleva, P.J.},
  year=1992,
  title={Mechano-chemistry of compartmented basins},
  booktitle={Proc 7th Internat. Symp. on Water-Rock Interaction, 2},
  pages={1055--1058}
}

@incollection{sonnenthal_1994,
  title={{Numerical simulations of overpressured compartments in sedimentary basins}},
  author={Sonnenthal, E. and Ortoleva, P.},
  booktitle={Basin Compartments and Seals, American Association of Petroleum Geologists Memoir 61},
  pages={403--416},
  year={1994},
  publisher={AAPG}
}

@article{sorby_1862,
  title={{The Bakerian Lecture: On the Direct Correlation of Mechanical and Chemical Forces}},
  author={Sorby, H. C.},
  journal={Proceedings of the Royal Society of London},
  volume={12},
  pages={538--550},
  year={1862},
  publisher={JSTOR}
}

@article{tada_1987,
  title={{A new mechanism for pressure solution in porous quartzose sandstone}},
  author={Tada, R. and Maliva, R. and Siever, R.},
  journal={Geochimica et Cosmochimica Acta},
  volume={51},
  number={9},
  pages={2295--2301},
  year={1987},
  publisher={Elsevier}
}

@article{weyl_1959,
  title={Pressure solution and the force of crystallization: 
         phenomenological theory},
  author={P. K. Weyl},
  journal={Journal of Geophysical Research},
  volume=64,
  number=11,
  pages={2001--2025},
  year=1959,
  publisher={American Geophysical Union}
}

@book{halek1979groundwater,
  title={{Groundwater hydraulics}},
  author={H{\'a}lek, V. and {\v{S}}vec, J.},
  year={1979},
  publisher={Elsevier}
}
@article{minkoff2003coupled,
  title={{Coupled fluid flow and geomechanical deformation modeling}},
  author={Minkoff, S.E. and Stone, C.M. and Bryant, S. and Peszynska, M.
          and Wheeler, M.F.},
  journal={Journal of Petroleum Science and Engineering},
  volume={38},
  number={1-2},
  pages={37--56},
  year={2003},
  publisher={Elsevier}
}
@conference{kelkar1991efficient,
  title={{An Efficient, Three-Dimensional, Fully Coupled Hydro-Thermo-
          Mechanical Simulator: FEHMS}},
  author={Kelkar, S. and Zyvoloski, G.},
  booktitle={SPE Symposium on Reservoir Simulation},
  year={1991}
}
@conference{bower1997numerical,
  title={{A numerical model for thermo-hydro-mechanical coupling in
         fractured rock}},
  author={Bower, KM and Zyvoloski, G.},
  booktitle={International Journal of Rock Mechanics and Mining Sciences
             and Geomechanics Abstracts},
  volume={34},
  number={8},
  pages={1201--1211},
  year={1997},
  organization={Elsevier}
}
@conference{noorishad1992theoretical,
  title={{Theoretical and field studies of coupled hydromechanical
         behaviour of fractured rocks--1. Development and verification of a
         numerical simulator}},
  author={Noorishad, J. and Tsang, CF and Witherspoon, PA},
  booktitle={International Journal of Rock Mechanics and Mining Sciences \&
             Geomechanics Abstracts},
  volume={29},
  number={4},
  pages={401--409},
  year={1992},
  organization={Elsevier}
}
@article{rutqvist2001coupled,

  title={{Coupled thermo-hydro-mechanical analysis of a heater test in
          fractured rock and bentonite at Kamaishi Mineâ€”comparison of
          field results to predictions of four finite element codes}},
  author={Rutqvist, J. and B{\\"o}rgesson, L. and Chijimatsu, M. and
          Nguyen, TS and Jing, L. and Noorishad, J. and Tsang, C.F.},
  journal={International Journal of Rock Mechanics and Mining Sciences},
  volume={38},
  number={1},
  pages={129--142},
  year={2001},
  publisher={Elsevier}
}
@article{settari1998coupled,
  title={{A coupled reservoir and geomechanical simulation system}},
  author={Settari, A. and Mourits, FM},
  journal={SPE Journal},
  volume={3},
  number={3},
  pages={219--226},
  year={1998},
  publisher={Society of Petroleum Engineers}
}
