@article{barkatt1986mechanisms,
  title={{Mechanisms of defense waste glass dissolution.}},
  author={Barkatt, A. and Gibson, BC and Macedo, PB and Montrose, CJ and Sousanpour, W. and Barkatt, A. and Boroomand, M. and Rogers, V. and Penafiel, M.},
  journal={Nuclear Technology},
  volume={73},
  number={2},
  pages={140--164},
  year={1986}
}

@article{cunnane1994high,
  title={High-level waste borosilicate glass: A compendium of 
         corrosion characteristics},
  author={J. C. Cunnane},
  year=1994
}

@conference{bourcier1991overview,
  title={{Overview of chemical modeling of nuclear waste glass dissolution}},
  author={Bourcier, WL},
  booktitle={Fall meeting of the Materials Research Society (MRS), Boston, MA (United States), 24 Nov-1 Dec 1990},
  year={1991}
}

@techreport{bourcier1994critical,
  title={{Critical review of glass performance modeling}},
  author={Bourcier, WL},
  year={1994},
  institution={ANL--94/17, Argonne National Lab., IL (United States)}
}

@article{bunker1988structure,
  title={{Structure of leached sodium borosilicate glass}},
  author={Bunker, B.C. and Tallant, D.R. and Headley, TJ},
  journal={Physics and Chemistry of Glasses},
  volume={29},
  number={3},
  pages={106--20},
  year={1988}
}

@article{casey1990leaching,
  title={{Leaching of mineral and glass surfaces during dissolution}},
  author={Casey, W.H. and Bunker, B.},
  journal={Reviews in Mineralogy and Geochemistry},
  volume={23},
  number={1},
  pages={397},
  year={1990},
  publisher={Mineral Soc America}
}

@article{hench1986review,
  title={{Review. Nuclear Waste Solids}},
  author={Hench, LL and Clark, DE and Harker, AB},
  journal={J. Mater. Sci.},
  volume={21},
  number={5},
  pages={1457--1478},
  year={1986}
}

@article{icenhower2004towards,
  title={{Towards a consistent rate law: glass corrosion kinetics near saturation}},
  author={Icenhower, J.P. and Samson, S. and Luttge, A. and McGrail, BP},
  journal={Geological Society London Special Publications},
  volume={236},
  number={1},
  pages={579},
  year={2004}
}

@article{mcgrail1997measurement,
  title={{Measurement of kinetic rate law parameters on a Na---Ca---Al borosilicate glass for low-activity waste}},
  author={McGrail, BP and Ebert, WL and Bakel, AJ and Peeler, DK},
  journal={Journal of Nuclear Materials},
  volume={249},
  number={2-3},
  pages={175--189},
  year={1997},
  publisher={Elsevier}
}

@article{strachan2000compositional,
  title={{Compositional effects on long-term dissolution of borosilicate glass}},
  author={Strachan, D.M. and Croak, T.L.},
  journal={Journal of Non-Crystalline Solids},
  volume={272},
  number={1},
  pages={22--33},
  year={2000},
  publisher={Elsevier}
}

@article{vernaz1992current,
  title={{Current state of knowledge of nuclear waste glass corrosion mechanisms: the case of R7T7 glass}},
  author={Vernaz, EY and Dussossoy, JL},
  journal={Applied Geochemistry},
  volume={7},
  pages={13--22},
  year={1992},
  publisher={Elsevier}
}

@article{vernaz2001present,
  title={{Present understanding of R7T7 glass alteration kinetics and their impact on long-term behavior modeling}},
  author={Vernaz, E. and Gin, S. and Jegou, C. and Ribet, I.},
  journal={Journal of Nuclear Materials},
  volume={298},
  number={1-2},
  pages={27--36},
  year={2001},
  publisher={Elsevier}
}

@article{werme1990chemical,
  title={{Chemical corrosion of highly radioactive borosilicate nuclear waste glass under simulated repository conditions}},
  author={Werme, L. and Bjorner, I.K. and Bart, G. and Zwicky, H.U. and Grambow, B. and Lutze, W. and Ewing, R.C. and Magrabi, C.},
  journal={Journal of Materials Research},
  volume={5},
  number={5},
  pages={1130--46},
  year={1990},
  publisher={Materials Research Society, 506 Keystone Drive, Warrendale, PA, 15086, USA,}
}

@article{abraitis2000kinetics,
  title={{The kinetics and mechanisms of simulated British Magnox waste glass dissolution as a function of pH, silicic acid activity and time in low temperature aqueous systems}},
  author={Abraitis, PK and Livens, FR and Monteith, JE and Small, JS and Trivedi, DP and Vaughan, DJ and Wogelius, RA},
  journal={Applied Geochemistry},
  volume={15},
  number={9},
  pages={1399--1416},
  year={2000},
  publisher={Elsevier}
}

@article{pierce2004waste,
  title={{Waste Form Release Data Package for the 2005 Integrated Disposal Facility Performance Assessment}},
  author={Pierce, E.M. and McGrail, B.P. and Rodriguez, E.A. and Schaef, H.T. and Saripalli, P. and Serne, R.J. and Krupka, K.M. and Martin, PF and Baum, S.R. and Geiszler, K.N. and others},
  journal={PNNL-14805, Pacific Northwest National Laboratory},
  year={2004}
}

@article{pierce5aluminoborosilicate,
  title={{Aluminoborosilicate waste glass dissolution under alkaline conditions at 40 C: implications for a chemical affinity-based rate equation}},
  author={Pierce, EM and Richards, EL and Davis, AM and Reed, LR and Rodriguez, EA},
  journal={Environmental Chemistry},
  volume={5},
  number={1},
  pages={73--85}
}

@article{nagy1993simultaneous,
  title={{Simultaneous precipitation kinetics of kaolinite and gibbsite at 80 C and pH 3}},
  author={Nagy, K.L. and Lasaga, A.C.},
  journal={Geochimica et Cosmochimica Acta},
  volume={57},
  number={17},
  pages={4329--4335},
  year={1993},
  publisher={Elsevier}
}

@article{nagy1995dissolution,
  title={{Dissolution and precipitation kinetics of sheet silicates}},
  author={Nagy, KL},
  journal={Reviews in Mineralogy},
  volume={31},
  pages={173--234},
  year={1995},
  publisher={Mineralogical Society of America}
}

@article{jantzen2008performance,
  title={{Performance of a buried radioactive high level waste (HLW) glass after 24 years}},
  author={Jantzen, C.M. and Kaplan, D.I. and Bibler, N.E. and Peeler, D.K. and John Plodinec, M.},
  journal={Journal of Nuclear Materials},
  volume={378},
  number={3},
  pages={244--256},
  year={2008},
  publisher={Elsevier}
}

@article{van-glamor,
  title={{GLAMOR, A Critical Evaluation of the Dissolution Mechanisms of High Level Waste Glasses in Conditions of Relevance for Geological Disposal}},
  author={Van Iseghem, P. and Gin, S. and Grambow, B. and McGrail, BP and Strachan, D. and Wicks, GG},
  journal={Final report to the EC, in progress}
}

@article{zavoshy-mass,
  title={{Mass transfer in a geologic environment}},
  author={Zavoshy, SJ and Chambre, PL and Pigford, TH},
  journal={Proceedings of the Materials Research Society, Scientific Basis for Nuclear Waste Management VIII},
  year={1985},
  pages={311--322}
}

@article{jantzen2010durable,
  title={{Durable Glass for Thousands of Years}},
  author={Jantzen, C.M. and Brown, K.G. and Pickett, J.B.},
  journal={International Journal of Applied Glass Science},
  volume={1},
  number={1},
  pages={38--62},
  year={2010},
  publisher={John Wiley \& Sons}
}

@article{grambow2001first,
  title={{First-order dissolution rate law and the role of surface layers in glass performance assessment}},
  author={Grambow, B. and M\"{u}ller, R.},
  journal={Journal of Nuclear Materials},
  volume={298},
  number={1-2},
  pages={112--124},
  year={2001},
  publisher={Elsevier}
}

@article{aertsens2007brag,
  title={{The BRAG and GM2003 models for glass dissolution}},
  author={Aertsens, M.},
  journal={Scientific Basis for Nuclear Waste Management XXX},
  volume={985},
  pages={117--122},
  year={2007},
  publisher={Materials Research Society, 506 Keystone Drive, Warrendale, PA, 15086, USA,}
}

@article{frugier2008son68,
  title={{SON68 nuclear glass dissolution kinetics: Current state of knowledge and basis of the new GRAAL model}},
  author={Frugier, P. and Gin, S. and Minet, Y. and Chave, T. and Bonin, B. and Godon, N. and Lartigue, J.E. and Jollivet, P. and Ayral, A. and De Windt, L. and others},
  journal={Journal of Nuclear Materials},
  volume={380},
  number={1-3},
  pages={8--21},
  year={2008},
  publisher={Elsevier}
}

@article{frugier2009application,
  title={{Application of the GRAAL model to leaching experiments with SON68 nuclear glass in initially pure water}},
  author={Frugier, P. and Chave, T. and Gin, S. and Lartigue, J.E.},
  journal={Journal of Nuclear Materials},
  year={2009},
  publisher={Elsevier}
}

@article{mann2001hanford,
  title={{Hanford Immobilized Low-Activity Tank Waste Performance Assessment: 2001 Version}},
  author={Mann, FM and Puigh II, RJ and Finfrock, SH and Freeman, EJ and Khaleel, R. and Bacon, DH and Bergeron, MP and McGrail, BP and Wurstner, SK and Burgard, K. and others},
  journal={US Department of Energy, Richland, Washington},
  year={2001}
}

@article{mcgrail2000strategy,
  title={{A Strategy to Conduct an Analysis of the Long-Term Performance of Low-Activity Waste Glass in a Shallow Subsurface Disposal System at Hanford. PNNL-11834 Rev. 1}},
  author={McGrail, BP and Bacon, DH and Ebert, WL and Saripalli, KP},
  journal={Pacific Northwest National Laboratory, Richland, WA},
  year={2000}
}

@article{mcgrail2001near,
  title={{Near-field performance assessment for a low-activity waste glass disposal system: laboratory testing to modeling results}},
  author={McGrail, BP and Bacon, DH and Icenhower, JP and Mann, FM and Puigh, RJ and Schaef, HT and Mattigod, SV},
  journal={Journal of Nuclear Materials},
  volume={298},
  number={1-2},
  pages={95--111},
  year={2001},
  publisher={Elsevier}
}

@article{mcgrail2003strategy,
  title={{A Strategy to Assess Performance of Selected Low-Activity Waste Forms in an Integrated Disposal Facility}},
  author={McGrail, B.P. and Bacon, D.H. and Serne, R.J. and Pierce, E.M.},
  journal={PNNL-14362, Pacific Northwest National Laboratory},
  year={2003}
}

@conference{small2000results,
  title={{Results of an aqueous source term model for a radiological risk assessment of the Drigg LLW site, UK}},
  author={Small, JS and Humphreys, PN and Johnstone, TL and Plant, R. and Randall, MG and Trivedi, DP},
  booktitle={MATER RES SOC SYMP PROC},
  volume={608},
  pages={129--134},
  year={2000}
}

@conference{grambow1985general,
  title={{A general rate equation for nuclear waste glass corrosion}},
  author={Grambow, B.},
  booktitle={Mat. Res. Soc. Symp. Proc},
  volume={44},
  pages={15--27},
  year={1985}
}





