%
% Infiltration processes
%
@article{hicks_1987,
  title={{A preliminary multiple resistance routine for deriving dry deposition velocities from measured quantities}},
  author={Hicks, B. B. and Baldocchi, D. D. and Meyers, T. P. and Hosker, R. P. and Matt, D. R. },
  journal={Water, Air, \& Soil Pollution},
  volume={36},
  number={3},
  pages={311--330},
  year={1987},
  publisher={Springer}
}

@book{campbell_1985,
  author =	 {G. S. Campbell},
  title = 	 {Soil Physics with Basic, Transport Models for 
                  Soil-Plant Systems},
  publisher = 	 {Elsevier, Amsterdam},
  year = 	 1985,
  number =	 14,
  series =	 {Developments in Soil Science}
}

@article{van_1976,
  title={Calculating potential and actual evaporation from a bare soil
         surface by simulation of concurrent flow of water and heat},
  author={Van Bavel, C. H. M. and Hillel, D. I.},
  journal={Agricultural Meteorology},
  volume=17,
  number=6,
  pages={453--476},
  year=1976,
  publisher={Elsevier}
}

@book{ASME_1967,
  title={{Thermodynamic and Transport Properties of Steam}},
  author={ASME},
  publisher={United Engineering Center},
  address={New York},
  year=1967
  }

@article{pleim_1995,
  title={{Development and testing of a surface flux and planetary boundary layer model for application in mesoscale models}},
  author={Pleim, J. E. and Xiu, A.},
  journal={Journal of Applied Meteorology},
  volume={34},
  number={1},
  pages={16--32},
  year={1995},
}

@article{wang_2005,
  title={{The solar zenith angle dependence of desert albedo}},
  author={Wang, Z. and Barlage, M. and Zeng, X. and Dickinson, R. E. and Schaaf, C. B.},
  journal={Geophysical Research Letters},
  volume={32},
  number={5},
  pages={L05403},
  year={2005}
}

@article{briegleb_1986,
  title={{Comparison of regional clear-sky albedos inferred from satellite observations and model computations}},
  author={Briegleb, B.P. and Ramanathan, V. and Harrison, E. and Minnis, P. and National Center for Atmospheric Research, Boulder, CO.},
  journal={Journal of Climate and Applied Meteorology},
  volume={25},
  pages={214--226},
  year={1986}
}

@article{dirmhirn_1972,
  title={{Variation of albedo of selected sagebrush range in the intermountain region}},
  author={Dirmhirn, I. and Belt, G.H.},
  journal={Agricultural Meteorology},
  volume={9},
  pages={51--61},
  year={1972},
  publisher={Elsevier}
}

@article{idso_1975,
  title={The Dependence of Bare Soil Albedo on Soil Water Content},
  author={Idso, S. B. and Jackson, R. D. and Reginato, R. J. and Kimball, B. A. and Nakayama, F. S.},
  journal={Journal of Applied Meteorology},
  volume={14},
  pages={109--113},
  year={1975}
}

@article{post_2000,
author = {Post, D. F. and Fimbres, A. and Matthias, A. D. and Sano, E. E. and Accioly, L. and Batchily, A. K. and Ferreira, L. G.},
title = {Predicting Soil Albedo from Soil Color and Spectral Reflectance Data},
journal = {Soil Sci Soc Am J},
volume = {64},
number = {3},
pages = {1027-1034},
year = {2000},
}

@article{lobell_2002,
author = {Lobell, D. B. and Asner, G. P.},
title = {{Moisture Effects on Soil Reflectance}},
journal = {Soil Sci Soc Am J},
volume = {66},
number = {3},
pages = {722-727},
year = {2002},
}

@article{muller_2001,
  title={{Modeling soil moisture-reflectance}},
  author={Muller, E. and Decamps, H.},
  journal={Remote Sensing of Environment},
  volume={76},
  number={2},
  pages={173--180},
  year={2001},
  publisher={Elsevier}
}

@article{ward_1997,
  title={{Performance evaluation of a field-scale surface barrier}},
  author={Ward, A. L. and Gee, G. W.},
  journal={Journal of Environmental Quality},
  volume={26},
  number={3},
  pages={694},
  year={1997},
  publisher={Am Soc Agronom}
}

@TechReport{ward_2005,
  title={Hydrology and Vegetation Data Package for 200-UW-1 Waste Site Engineered Surface Barrier Design},
  author={Ward, A. L. and Keller, J. M.},
  number={{PNNL-15464}},
  institution={Pacific Northwest National Laboratory},
  year={2005},
  address={Richland,WA},
}
@article{berdahl_1982,
  title={{The thermal radiance of clear skies}},
  author={Berdahl, P. and Fromberg, R.},
  journal={Solar Energy},
  volume={29},
  number={4},
  pages={299--314},
  year={1982},
  publisher={Elsevier}
}
@article{kasten_1980,
  title={{Solar and terrestrial radiation dependent on the amount and type of cloud}},
  author={Kasten, F. and Czeplak, G.},
  journal={Solar energy},
  volume={24},
  number={2},
  pages={177--189},
  year={1980},
  publisher={Elsevier}
}
@article{carroll_1985,
  title={{Global transmissivity and diffuse fraction of solar radiation for clear and cloudy skies as measured and as predicted by bulk transmissivity models}},
  author={Carroll, J. J.},
  journal={Solar Energy},
  volume={35},
  number={2},
  pages={105--118},
  year={1985},
  publisher={Elsevier}
}

@article{llasat_1998,
  title={Data error effects on net radiation and 
         evapotranspiration estimation},
  author={Llasat, M. C. and Snyder, R. L.},
  journal={Agricultural and Forest Meteorology},
  volume=91,
  number={3-4},
  pages={209--221},
  year=1998,
  publisher={Elsevier}
}

@incollection{shuttleworth_1993,
  title={Evaporation},
  booktitle={{Handbook of Hydrology}},
  author={Shuttleworth, W. J.},
  editor={Maidment, D.R.},
  publisher={McGraw-Hill Inc.},
  address = {{New York}},
  year=1993,
  pages={4.1--4.53},
}

@book{monteith_1973,
  title={{Principles of Environmental Physics}},
  author={Monteith, J.L.},
  publisher={Elsevier},
  address={New York},
  year={1973},
}

@article{stannard_1993,
  title={Comparison of {Penman-Monteith}, {Shuttleworth-Wallace}, 
         and modified {Priestley-Taylor} evapotranspiration models 
         for wildland vegetation in semiarid rangeland}},
  author={Stannard, D. I.},
  journal={Water Resources Research},
  volume={29},
  number={5},
  pages={1379--1392},
  year={1993},
  publisher={American Geophysical Union},
}

@article{jarvis_1976,
  title={{The interpretation of the variations in leaf water potential and stomatal conductance found in canopies in the field}},
  author={Jarvis, P. G.},
  journal={Philosophical Transactions of the Royal Society of London. Series B, Biological Sciences},
  volume={273},
  number={927},
  pages={593--610},
  year={1976},
  publisher={The Royal Society},
}

@article{ramirez_2000,
  title={{A statistical--dynamical parameterization of interception and land surface--atmosphere interactions}},
  author={Ram{\'\i}rez, J. A. and Senarath, S. U. S.},
  journal={Journal of Climate},
 volume = {13},
number = {22},
pages = {4050-4063},
year = {2000},
}

@article{massman_1980,
  title={Water Storage on Forest Foliage: A General Model},
  author={Massman, W. J.},
  journal={Water Resources Research},
  volume={16},
  pages={210--216},
  year={1980}
}

@article{deardorff_1978,
  title={{Efficient prediction of ground surface temperature and moisture, with inclusion of a layer of vegetation}},
  author={Deardorff, J. W.},
  journal={Journal of Geophysical Research},
  volume={83},
  number={C4},
  pages={1889--1903},
  year={1978},
  publisher={American Geophysical Union},
}

@TechReport{van_1987,
  title={{A numerical model for water and solute movement in and below the root zone}},
  author={Van Genuchten, M. T.},
  number={Research Report 121}, 
  institution = {US Salinity Laboratory, Agricultural Research Service, U.S. Department of Agriculture},
  year={1987},
  address={Riverside, CA},
}

@article{vrugt_2001,
  title={{One-, two-, and three-dimensional root water uptake functions for transient modeling}},
  author={Vrugt, JA and Van Wijk, M. T. and Hopmans, J.W. and Simunek, J.},
  journal={Water Resources Research},
  volume={37},
  number={10},
  pages={2457--2470},
  year={2001},
}

@article{van_1993,
  title={{A reassessment of the crop tolerance response function}},
  author={Van Genuchten, M. T. and Gupta, S. K.},
  journal={Journal of the Indian Society of Soil Science},
  volume={41},
  number={4},
  pages={730--737},
  year={1993},
  publisher={Indian Society of Soil Science, Division of Soil Science and Agricultural Chemistry},
}

@article{jarvis_1989,
  title={{A simple empirical model of root water uptake}},
  author={Jarvis, N. J.},
  journal={Journal of Hydrology},
  volume={107},
  number={1-4},
  pages={57--72},
  year={1989},
  publisher={Elsevier},
}
@article{goudriaan_1988,
  title={{The bare bones of leaf-angle distribution in radiation models for canopy photosynthesis and energy exchange}},
  author={Goudriaan, J.},
  journal={Agricultural and forest meteorology},
  volume={43},
  number={2},
  pages={155--169},
  year={1988},
  publisher={Elsevier},
}

@article{baldocchi_2004,
author = "D. D. Baldocchi and L. Xu and N. Kiang",
title = "How plant functional-type, weather, seasonal drought, and soil physical properties alter water and energy fluxes of an oak-grass savanna and an annual grassland",
journal = "Agricultural and Forest Meteorology",
volume = "123",
number = "1-2",
pages = "13 - 39",
year = "2004",
}

@book{duffie_1974,
  title={{Solar Energy Thermal Processes}},
  author={Duffie, J.A. and Beckman, W.A.},
  year={1974},
  publisher={John Wiley \& Sons New York.},
}
