% Mathematical Modeling

% This file was created with JabRef 2.3b3.

@STRING{IEEESMC = {IEEE Transactions on Systems, Man, and Cybernetics}}
@STRING{JCP = {J. Comp. Phys.}}
@STRING{LBNL = {Lawrence Berkeley National Laboratory}}
@STRING{LLNL = {Lawrence Livermore National Laboratory}}
@STRING{SJSSC = {SIAM J. Sci. Statist. Comput.}}

@MISC{EQ3/6,
 author = LLNL,
 title = {EQ3/6 home page},
 note = {\url{http://www.llnl.gov/ipac/technology/software/softwaretitles/eq36.php}},
 key = {EQ3/6}
}

@INPROCEEDINGS{HuangYangDeo:2007,
 author = {C.K. Huang and Y.K. Yang and M.D. Deo},
 title = {A New Thermal-Compositional Reservoir Simulator with a Novel {``Equation Line-Up"} Method},
  year = 2007,
  month = {November},
  booktitle = {SPE Annual Technical Conference and Exhibition},
  address = {Anaheim, California},
  publisher = {SPE}
}

@article{por_therm:2009,
  author = {D.E.A. van Odyck and J.B. Bell and F. Monmont and N. Nikiforakis},
  title = {The mathematical structure of multiphase thermal models of flow in porous media},
  year = 2009,
  journal = {Proc. Royal Soc. A.},
  volume = 465,
  pages = {523-549}
}

@INPROCEEDINGS{liuSub:2007,
 author = {K. Liu and G. Subramanian and D. I. Dratler and J. P. Lebel},
 title = {A General Unstructured Grid, EOS-Based, Fully-Implicit Thermal Simulator for Complex Reservoir Processes},
 booktitle = {SPE Reservoir Simulations Symposium},
 year = {2007},
 month = {February 26-28},
 address = {Houston, Texas},
 publisher = {SPE}
}

@INPROCEEDINGS{PasaraiAriharaWaseda:2005,
title = {A Simulator for Predicting Thermal Recovery Behavior Based on Streamline Method},
 author = {U. Pasarai and N. Arihara and U. Waseda}, 
 booktitle = {SPE International Improved Oil Recovery Conference in Asia Pacific},
 month = {December},
 year =  {2005},
 address = {Kuala Lumpur, Malaysia},
 publisher = {SPE}
}

@INPROCEEDINGS{NilssonGerritsenYounis:2005,
 title = {An Adaptive, High-Resolution Simulation for Steam-Injection Processes},
 author = {J. Nilsson and M. Gerritsen and R. Younis},
 booktitle = {SPE Western Regional Meeting},
 month = {March},
 year =  {2005},
 address = {Irvine, California},
 publisher = {SPE}
}

@INPROCEEDINGS{MallisonETAL:2003,
 title = {High Order Upwind Schemes for Two-Phase, Multicomponent Flow},
 author = {B. Mallison and M. Gerritsen and K. Jessen  and F. M. Orr, Jr.},
 booktitle = {SPE Reservoir Simulation Symposium},
 month = {February},
 year =  {2003},
 address = {Houston, Texas},
 publisher = {SPE}
}

@article{SullivanPruessLippman:2001,
author = {M. J. O'Sullivan and K. Pruess and M. J. Lippmann},
title = {State of the art of geothermal reservoir simulation},
journal = {Geothermics},
year = 2001,
Volume = 30,
pages = {395--429}
}

@article{ClassHelmigBastian:2005,
author = {H. Class and R. Helmig and P. Bastian},
title = {Numerical simulation of non-isothermal multiphase multicomponent processes in porous media. 1.  An efficient solution technique},
journal = {Advances in Water Resources},
year = 2002,
volume = 25,
 pages = {533--550}
}

@inproceedings{ChristensenETAL:2004,
title = {Applications of Dynamic Gridding To Thermal Simulations},
author = {J.R. Christensen and G. Darche and B. Dechelette and  H. Ma and P.H. Sammon}, 
booktitle = {SPE International Thermal Operations and Heavy Oil Symposium and Western Regional Meeting},
month = {March}, 
year = 2004, 
address = {Bakersfield, California},
publisher = {SPE}
}


@MISC{GRASS,
 author = {The GRASS development team},
 title = {GRASS GIS home page},
 note = {\url{http://grass.itc.it/}},
 key = {GRASS}
}

@ARTICLE{acs-doleschall,
 author = {G. Acs and S. Doleschall and E. Farkas},
 title = {General purpose compositional model},
 journal = {Society of Petroleum Engineers Journal},
 year = {1985},
 volume = {25},
 pages = {543-552},
 month = Aug
}

@book{chenHuanMa:2006,
  author =  {Zhangxin Chen and Guanren Huan and Yuanle Ma},
  title = {Computational Methods for Multiphase Flows in Porous Media},
  year = 2006,
  publisher = {SIAM},
  address = {Philadelphia}
  }

@ARTICLE{AlmBelColHowWel98,
 author = {A. S. Almgren and J. B. Bell and P. Colella and L. H. Howell and
	M. Welcome},
 title = {A conservative adaptive projection method for the variable density
	incompressible {N}avier-{S}tokes equations},
 journal = JCP,
 year = {1998},
 volume = {142},
 pages = {1-46}
}

@ARTICLE{Bell:1994,
 author = {Bell, J. B. and Berger, M. J. and Saltzman, J. S. and Welcome, M.},
 title = {Three-Dimensional Adaptive Mesh Refinement for Hyperbolic Conservation
	Laws},
 journal = SJSSC,
 year = {1994},
 volume = {15},
 pages = {127-138}
}

@TECHREPORT{BelBerSal,
 author = {J. B. Bell and M. J. Berger and J. S. Saltzman and M. Welcome},
 title = {Three Dimensional Adaptive Mesh Refinement for Hyperbolic Conservation
	Laws},
 institution = LLNL,
 year = {1991},
 number = {UCRL-JC-108794},
 month = {Dec.}
}

@ARTICLE{belColTra:1989,
 author = {J. B. Bell and P. Colella and J. A. Trangenstein},
 title = {Higher-Order {G}odunov Methods for General Systems of Hyperbolic
	Conservation Laws},
 journal = {JCP},
 year = {1989},
 volume = {82},
 pages = {362--397},
 number = {2},
 month = Jun
}

@ARTICLE{BellColTrang:1987,
 author = {J. B. Bell and P. Colella and J. A. Trangenstein},
 title = {Higher-Order {G}odunov Methods for Systems of Hyperbolic Conservation
	Laws},
 journal = JCP,
 year = {1987},
 volume = {82},
 pages = {362-397}
}

@INPROCEEDINGS{bell-amr-moving,
 author = {J. B. Bell and P. Colella and J. A. Trangenstein and M. Welcome},
 title = {Adaptive Mesh Refinement on Moving Quadrilateral Grids},
 booktitle = {Proceedings of the Ninth AIAA Computational Fluid Dynamics Conference},
 year = {1989},
 pages = {471-479},
 month = Jun,
 publisher = {AIAA}
}

@ARTICLE{BSS:1994,
 author = {J. B. Bell and J. M. Solomon and W. G. Szymczak},
 title = {A Projection Method for Viscous Incompressible Flow on Quadrilateral
	Grids},
 journal = {AIAA},
 year = {1994},
 volume = {32},
 pages = {1961-1969}
}

@INPROCEEDINGS{BellSolSzym:1989,
 author = {J. B. Bell and J. M. Solomon and W. G. Szymczak},
 title = {A Second-order Projection Method for the Incompressible {N}avier-{S}tokes
	Equations on Quadrilateral Grids},
 booktitle = {Proceedings of the AIAA 9th Computational Fluid Dynamics Conference},
 year = {1989},
 month = {June 14-16},
 organization = {AIAA}
}

@ARTICLE{BellTrangShubin:1986,
 author = {J. B. Bell and J. A. Trangenstein and G. R. Shubin},
 title = {Conservation Laws of Mixed Type Describing Three-Phase Flow in Porous
	Media},
 journal = {SIAM J. Appl. Math.},
 year = {1986},
 volume = {46},
 pages = {1000-1017},
 number = {6}
}

@ARTICLE{berger-colella,
 author = {M. J. Berger and P. Colella},
 title = {Local Adaptive Mesh Refinement for Shock Hydrodynamics},
 journal = JCP,
 year = {1989},
 volume = {82},
 pages = {64--84},
 number = {1},
 month = May
}

@ARTICLE{berger-oliger,
 author = {M. J. Berger and J. Oliger},
 title = {Adaptive Mesh Refinement for Hyperbolic Partial Differential Equations},
 journal = JCP,
 year = {1984},
 volume = {53},
 pages = {484--512},
 month = Mar
}

@ARTICLE{Berger:1984,
 author = {Berger, M. J. and Oliger, J.},
 title = {Adaptive Mesh Refinement for Hyperbolic Partial Differential Equations},
 journal = JCP,
 year = {1984},
 volume = {53},
 pages = {484-512}
}

@ARTICLE{bergerRigoutsos:1991,
 author = {M. J. Berger and J. Rigoutsos},
 title = {An algorithm for point clustering and grid generation},
 journal = IEEESMC,
 year = {1991},
 volume = {21},
 pages = {1278--1286}
}

@PHDTHESIS{Brant-1991,
 author = {K. M. Brantferger},
 title = {Development of a thermodynamically consistent, fully implicit, 
        compositional, equation-of-state, steamflood simulator},
 school = {The University of Texas at Austin},
 year = {1991},
 owner = {fmonmont},
 timestamp = {2007.11.09}
}

@ARTICLE{Brant-1991a,
 author = {K. M. Brantferger and G. A. Pope and K. Sepehrnoori},
 title = {Development of a thermodynamically consistent, fully implicit, 
        equation-of-state, compositional steamflood simulator},
 journal = {SPE},
 year = {1991},
 volume = {21253},
 pages = {471--480}
}

@TECHREPORT{burger1985,
 author = {J. Burger and P. Sourieau and M. Combarnous},
 title = {Thermal methods of oil recovery},
 institution = {Institut Francais du Fetrole Publications, Editions Technip},
 year = {1985},
 type = {Techinical Reort}
}

@TECHREPORT{chern-colella,
 author = {I.-L. Chern and P. Colella},
 title = {A Conservative Front Tracking Method for Hyperbolic Conservation
	Laws},
 institution = LLNL,
 year = {1986},
 number = {UCRL-97200},
 month = Jul
}

@ARTICLE{colella-upwind,
 author = {P. Colella},
 title = {Multidimensional Upwind Methods for Hyperbolic Conservation Laws},
 journal = JCP,
 year = {1990},
 volume = {87},
 pages = {171--200},
 month = Mar
}

@TECHREPORT{Coletal:2004,
 author = {Colella, P. and Graves, D.T. and Keen, B.J. and Modiano, D.},
 title = {A cartesian grid embedded boundary method for hyperbolic conservation
	laws},
 institution = LBNL,
 year = {2004},
 number = {LBNL-56520},
 month = Nov
}

@BOOK{Collins:1961,
 title = {Flow of Fluids through Porous Materials},
 publisher = {Reinhold Publishing Corp.},
 year = {1961},
 author = {R. E. Collins},
 address = {New York}
}

@BOOK{Connell:2005,
 title = {Thermodynamics, Fundamentals for Applications},
 publisher = {Cambridge University Press},
 year = {2005},
 author = {J.P. O'Connell and J.M. Haile},
 address = {Cambridge}
}

@BOOK{Danesh:1998,
 title = {PVT and Phase Behaviour of Petroleum Reservoir Fluids},
 publisher = {Elsevier},
 year = {1998},
 author = {A. Danesh},
 address = {Amsterdam}
}


@TECHREPORT{wyc-load-balance,
 author = {W. Y. Crutchfield},
 title = {Load Balancing Irregular Algorithms},
 institution = LLNL,
 year = {1991},
 number = {UCRL-JC-107679},
 month = jul
}

@ARTICLE{DayBell00,
 author = {M. S. Day and J. B. Bell},
 title = {Numerical simulation of laminar reacting flows with complex chemistry},
 journal = {Combust. Theory Modelling},
 year = {2000},
 volume = {4},
 pages = {535-556},
 number = {4}
}

@MISC{ARC-INFO,
 author = {ESRI},
 title = {ARC-INFO home page},
 note = {\url{http://www.esri.com/software/arcgis/arcinfo/}},
 key = {ARC-INFO}
}

@ARTICLE{Fayers:1962,
 author = {F. J. Fayers},
 title = {Some theoretical results concerning the displacement of a viscous
	oil by a hot fluid in a porous medium},
 journal = {J. Fluid Mech.},
 year = {1962},
 volume = {13},
 pages = {65}
}

@TECHREPORT{Isaacson:1980,
 author = {E. L. Isaacson},
 title = {Global solution of a Riemann problem for a non-strictly hyperbolic
	system of conservation laws arising in enhanced oil recovery},
 institution = {The Rockefeller University},
 year = {1980},
 address = {New York}
}

@ARTICLE{johansen-colella:98,
 author = {Hans Johansen and P. Colella},
 title = {A {C}artesian Grid Embedded Boundary Method for {Poisson's} Equation
	on Irregular Domains},
 journal = JCP,
 year = {1998},
 volume = {147},
 pages = {60--85},
 number = {2},
 month = Dec
}



@BOOK{Michelsen-2004,
 title = {Thermodynamic Models: Fundamentals \& Computational Aspects},
 publisher = {Tie-Line Publications},
 year = {2004},
 author = {M.L. Michelsen and J.M. Mollerup},
 address = {Holte, Denmark}
}



@ARTICLE{Michelsen-1999,
 author = {M. L. Michelsen},
 title = {State function based flash specifications},
 journal = {Fluid Phase Equilibria},
 year = {1999},
 volume = {158},
 pages = {617--626}
}



@BOOK{Peaceman,
 title = {Fundamentals of Numerical Reservoir Simulation},
 publisher = {Elsevier},
 year = {1977},
 author = {Donald W. Peaceman}
}

@ARTICLE{PemberETAL:1995,
 author = {R.B. Pember and J.B. Bell and P. Colella and W.Y. Crutchfield and
	M.L. Welcome},
 title = {An Adaptive Cartesian Grid Method for Unsteady Compressible Flow
	in Irregular Regions},
 journal = JCP,
 year = {1995},
 volume = {120},
 pages = {278-304},
 number = {2},
 month = Sep
}

@ARTICLE{PemberETAL98,
 author = {R. B. Pember and L. H. Howell and J. B. Bell and P. Colella and W.
	Y. Crutchfield and W. A. Fiveland and J. P. Jessee},
 title = {An adaptive projection method for unsteady, low-{M}ach number combustion},
 journal = {Comb. Sci. Technol.},
 year = {1998},
 volume = {140},
 pages = {123--168}
}

@TECHREPORT{TOUGH2:ug_v2,
 author = {Karsten Pruess and Curt Oldenburg and George Moridis},
 title = {{TOUGH2} User's Guide, Version 2.0},
 institution = LBNL,
 year = {1999},
 number = {LBNL-43134},
 month = Nov
}

@ARTICLE{rendleman-hyper,
 author = {C. A. Rendleman and V. E. Beckner and M. J. Lijewski and W. Y. Crutchfield
	and John B. Bell},
 title = {Parallelization of structured, hierarchical adaptive mesh refinement
	algorithms},
 journal = {Computing and Visualization in Science},
 year = {2000},
 volume = {3},
 pages = {147--157},
 number = {3}
}

@ARTICLE{TrangBell_black:1989,
 author = {J. A. Trangenstein and J. B. Bell},
 title = {Mathematical Structure of Black-Oil Reservoir Simulation},
 journal = {SIAM J. Appl. Math.},
 year = {1989},
 volume = {49},
 pages = {749-783}
}

@ARTICLE{TrangBell_comp:1989,
 author = {J. A. Trangenstein and J. B. Bell},
 title = {Mathematical Structure of Compositional Reservoir Simulation},
 journal = {SIAM J. Sci. Stat. Comput.},
 year = {1989},
 volume = {10},
 pages = {817-845}
}

@ARTICLE{CT:2001,
 author = {Trebotich, D., P. and Colella, P.},
 title = {A projection method for incompressible viscous flow on moving quadrilateral
	grids},
 journal = JCP,
 year = {2001},
 volume = {166},
 pages = {191-217}
}

@TECHREPORT{Wolery:1992,
 author = {T. J. Wolery},
 title = {Software package for geochemical modeling of aqueos systems: {P}ackage
	overview and installation guide (version 8.0)},
 institution = LLNL,
 year = {1992},
 number = {UCRL-MA-119662 PT 1},
 address = {Livermore, California}
}

@TECHREPORT{TOUGHREACT:ug,
 author = {Tianfu Xu and Eric Sonnenthal and Nicolas Spycher and Karsten Pruess},
 title = {{TOUGHREACT} User's Guide: A Simulation Program for Non-isothermal
	Multiphase Reactive Geochemical Transport in Variably Saturated Geologic
	Media},
 institution = LBNL,
 year = {2004},
 number = {LBNL-55460},
 month = Sep
}

@ARTICLE{,
 owner = {fmonmont},
 timestamp = {2007.11.08}
}
