@article{roden2008microbiological,
  title={{Microbiological controls on geochemical kinetics. 1: Fundamentals and case study on microbial Fe (III) reduction}},
  author={Roden, EE},
  journal={Kinetics of water-rock interactions. Springer, New York, NY},
  volume={28},
  pages={335--415},
  year={2008}
}

@article{banfield2005search,
  title={{The search for a molecular-level understanding of the processes that underpin the Earth's biogeochemical cycles}},
  author={Banfield, J.F. and Tyson, G.W. and Allen, E.E. and Whitaker, R.J.},
  journal={Reviews in mineralogy and geochemistry},
  volume={59},
  number={1},
  pages={1},
  year={2005},
  publisher={Mineral Soc America}
}

@article{dale2006bioenergetic,
  title={{Bioenergetic controls on anaerobic oxidation of methane (AOM) in coastal marine sediments: A theoretical analysis}},
  author={Dale, AW and Regnier, P. and Van Cappellen, P.},
  journal={American Journal of Science},
  volume={306},
  number={4},
  pages={246},
  year={2006}
}

@article{li2009effects,
  title={{Effects of physical and geochemical heterogeneities on mineral transformation and biomass accumulation during biostimulation experiments at Rifle, Colorado}},
  author={Li, L. and Steefel, C.I. and Kowalsky, M.B. and Englert, A. and Hubbard, S.S.},
  journal={Journal of Contaminant Hydrology},
  year={2009},
  publisher={Elsevier}
}

@article{jin2005predicting,
  title={{Predicting the rate of microbial respiration in geochemical environments}},
  author={Jin, Q. and Bethke, C.M.},
  journal={Geochimica et Cosmochimica Acta},
  volume={69},
  number={5},
  pages={1133--1143},
  year={2005},
  publisher={Elsevier}
}

@article{berner1977stoichiometric,
  title={{Stoichiometric models for nutrient regeneration in anoxic sediments}},
  author={Berner, R.A.},
  journal={Limnology and Oceanography},
  volume={22},
  number={5},
  pages={781--786},
  year={1977},
  publisher={JSTOR}
}

@article{lorah35natural,
  title={{Natural attenuation of chlorinated volatile organic compounds in a freshwater tidal wetland: Field evidence of anaerobic biodegradation}},
  author={Lorah, M.M. and Olsen, L.D.},
  journal={Water Resources Research},
  volume={35},
  number={12},
  year={1999},
  publisher={American Geophysical Union}
}

@article{dale2008anaerobic,
  title={{Anaerobic oxidation of methane (AOM) in marine sediments from the Skagerrak (Denmark): II. Reaction-transport modeling}},
  author={Dale, AW and Regnier, P. and Knab, NJ and Joergensen, BB and Van Cappellen, P.},
  journal={Geochimica et Cosmochimica Acta},
  volume={72},
  number={12},
  pages={2880--2894},
  year={2008},
  publisher={Elsevier}
}

@article{hoehler2004biological,
  title={{Biological energy requirements as quantitative boundary conditions for life in the subsurface}},
  author={Hoehler, TM},
  journal={Geobiology},
  volume={2},
  number={4},
  pages={205--215},
  year={2004},
  publisher={John Wiley \& Sons}
}

@book{rittmann2001environmental,
  title={{Environmental biotechnology: principles and applications}},
  author={Rittmann, B.E. and McCarty, P.L.},
  year={2001},
  publisher={McGraw-Hill New York}
}

@ARTICLE{bader-1978,
  author = {B\"{a}der, F. G.},
  title = {Analysis of double-substrate limited growth},
  journal = {Biotechnology and Bioengineering},
  year = {1978},
  volume = {20},
  pages = {183--202},
  number = {2},
  url = {http://dx.doi.org/10.1002/bit.260200203}
}
