@article{steefel1990new,
  title={{A new kinetic approach to modeling water-rock interaction: The role of nucleation, precursors, and Ostwald ripening}},
  author={Steefel, C.I. and Van Cappellen, P.},
  journal={Geochimica et Cosmochimica Acta},
  volume={54},
  number={10},
  pages={2657--2677},
  year={1990},
  publisher={Elsevier}
}

@article{hellmann2006dissolution,
  title={{Dissolution kinetics as a function of the Gibbs free energy of reaction: An experimental study based on albite feldspar}},
  author={Hellmann, R. and Tisserand, D.},
  journal={Geochimica et Cosmochimica Acta},
  volume={70},
  number={2},
  pages={364--383},
  year={2006},
  publisher={Elsevier}
}

@article{maher2009role,
  title={{The role of reaction affinity and secondary minerals in regulating chemical weathering rates at the Santa Cruz Soil Chronosequence, California}},
  author={Maher, K. and Steefel, C.I. and White, A.F. and Stonestrom, D.A.},
  journal={Geochimica et Cosmochimica Acta},
  volume={73},
  number={10},
  pages={2804--2831},
  year={2009},
  publisher={Elsevier}
}

@article{yang2008kaolinite,
  title={{Kaolinite dissolution and precipitation kinetics at 22 C and pH 4}},
  author={Yang, L. and Steefel, C.I.},
  journal={Geochimica et Cosmochimica Acta},
  volume={72},
  number={1},
  pages={99--116},
  year={2008},
  publisher={Elsevier}
}

@article{steefel2009fluid,
  title={{Fluid-rock interaction: A reactive transport approach}},
  author={Steefel, C.I. and Maher, K.},
  journal={Reviews in Mineralogy and Geochemistry},
  volume={70},
  number={1},
  pages={485},
  year={2009},
  publisher={Mineral Soc America}
}

