@article{leroy2007modeling,
  title={{Modeling the composition of the pore water in a clay-rock geological formation (Callovo-Oxfordian, France)}},
  author={Leroy, P. and Revil, A. and Altmann, S. and Tournassat, C.},
  journal={Geochimica et Cosmochimica Acta},
  volume={71},
  number={5},
  pages={1087--1097},
  year={2007},
  publisher={Elsevier}
}

