@conference{somerton1974high,
  title={{High temperature behavior of rocks associated with geothermal type reservoirs}},
  author={Somerton, WH and El-Shaarani, AH and Mobarak, SM},
  booktitle={SPE California Regional Meeting},
  year={1974}
}