@article{simunek-vangenuchten_2008,
  title={Modeling Nonequilibrium Flow and Transport Processes Using {HYDRUS}},
  author={Simunek, J. and van~Genuchten, M.},
  journal={Vadose Zone J.},
  volume={7},
  number={2},
  pages={782--797},
  year={2008},
}

@article{lichtner_1985,
  title={{Continuum model for simultaneous chemical reactions and mass transport in hydrothermal systems}},
  author={Lichtner, P. C.},
  journal={Geochimica et Cosmochimica Acta},
  volume={49},
  number={3},
  pages={779--800},
  year={1985},
  publisher={Elsevier}
}

@inproceeding{lichtner_1994,
  title={Principles and Practice of Reactive Transport Modeling, Scientific Basis for Nuclear Waste Management XVIII, Part 1},
  booktitle={Mat. Res. Symp. Proc. {\bf 353}},
  editor={T. Murakami and R. C. Ewing},
  pages={117--130},
  volume={353},
  address={Kyoto, Japan},
  year={1994}
}

@incollection{lichtner_1996,
  title={{Continuum formulation of multicomponent-multiphase reactive transport}},
  author={Lichtner, P. C.},
  booktitle={Reactive Transport in Porous Media, Reviews in Mineralogy and Geochemistry {\bf 34}},
  editor={P. C. Lichtner and C. I. Steefel, and E. H. Oelkers},
  pages={1--81},
  year={1996},
  publisher={Mineral Soc America}
}


@article{steefel_2005,
  title={{Reactive transport modeling: An essential tool and a new research approach for the Earth sciences}},
  author={Steefel, C.I. and DePaolo, D.J. and Lichtner, P.C.},
  journal={Earth and Planetary Science Letters},
  volume={240},
  number={3-4},
  pages={539--558},
  year={2005},
  publisher={Elsevier}
}

@book{newman2004electrochemical,
  title={{Electrochemical systems}},
  author={Newman, J.S. and Thomas-Alyea, K.E.},
  year={2004},
  publisher={Wiley-Interscience}
}

@article{li2008scale,
  title={{Scale dependence of mineral dissolution rates within single pores and fractures}},
  author={Li, L. and Steefel, C.I. and Yang, L.},
  journal={Geochimica et Cosmochimica Acta},
  volume={72},
  number={2},
  pages={360--377},
  year={2008},
  publisher={Elsevier}
}

@article{kang2006lattice,
  title={{Lattice Boltzmann pore-scale model for multicomponent reactive transport in porous media}},
  author={Kang, Q. and Lichtner, P.C. and Zhang, D.},
  journal={J. Geophys. Res},
  volume={111},
  year={2006}
}

@article{lichtner-kang-2007,
  title={{Upscaling pore-scale reactive transport equations using a multiscale continuum formulation}},
  author={Lichtner, P.C. and Kang, Q.},
  journal={Water Resources Research},
  volume={43},
  pages={1--19},
  year={2007}
}

@misc{bear1972dynamics,
  title={{Dynamics of fluids in porous media}},
  author={Bear, J.},
  year={1972},
  publisher={American Elsevier, New York}
}

@article{neuman1990universal,
  title={{Universal scaling of hydraulic conductivities and dispersivities in geologic media}},
  author={Neuman, S.P.},
  journal={Water Resources Research},
  volume={26},
  number={8},
  pages={1749--1758},
  year={1990}
}

@article{bourg2008modeling,
  title={{Modeling the diffusion of Na+ in compacted water-saturated Na-bentonite as a function of pore water ionic strength}},
  author={Bourg, I.C. and Sposito, G. and Bourg, A.},
  journal={Applied Geochemistry},
  volume={23},
  number={12},
  pages={3635--3641},
  year={2008},
  publisher={Elsevier}
}

@book{lasaga1998kinetic,
  title={{Kinetic theory in the earth sciences}},
  author={Lasaga, A.C.},
  year={1998},
  publisher={Princeton Univ Pr}
}

@article{onsager1931reciprocal,
  title={{Reciprocal Relations in Irreversible Processes. I.}},
  author={Onsager, L.},
  journal={Physical Review},
  volume={37},
  number={4},
  pages={405--426},
  year={1931},
  publisher={APS}
}

@book{prigogine1968introduction,
  author    = {I. Prigogine},
  title     = {Introduction to Thermodynamics of Irreversible Processes},
  publisher = {John Wiley \& Sons, Inc.},
  year      = 1968
}

@book{denbigh1981principles,
  title={{The principles of chemical equilibrium: with applications in chemistry and chemical engineering}},
  author={Denbigh, K.G.},
  year={1981},
  publisher={Cambridge Univ Pr}
}

@article{navarre2009evolution,
  title={{Evolution of porosity and diffusivity associated with chemical weathering of a basalt clast}},
  author={Navarre-Sitchler, A. and Steefel, C.I. and Yang, L. and Tomutsa, L. and Brantley, S.L.},
  journal={Journal of Geophysical Research-Earth Surface},
  volume={114},
  number={F2},
  pages={F02016},
  year={2009},
  publisher={American Geophysical Union}
}

@article{millington1961permeability,
  title={{Permeability of porous solids}},
  author={Millington, RJ and Quirk, JP},
  journal={Transactions of the Farada Society},
  volume={57},
  pages={1200--1207},
  year={1961},
  publisher={Royal Society of Chemistry}
}

@misc{sumner-handbook,
  title={{Handbook of soil science,. 2000}},
  author={Sumner, ME},
  publisher={CRC Press, Boca Raton, Fla}
}

@article{moldrup2000predicting,
  title={{Predicting the gas diffusion coefficient in undisturbed soil from soil water characteristics}},
  author={Moldrup, P. and Olesen, T. and Schjonning, P. and Yamaguchi, T. and Rolston, DE},
  journal={Soil Science Society of America Journal},
  volume={64},
  number={1},
  pages={94},
  year={2000},
  publisher={Soil Sci Soc America}
}
