%
% Journal Names/Abbreviations
%
@string{ACMTOMS = "{ACM} T. Math. Software"}
@string{AdvancesINWaterResources = {Adv. Water Resour.}}
@string{AppliedMathematicsANDComputation ={Appl. Math. Comput.}}
@string{AppliedNumericalMathematics = {Appl. Num. Math.}}
@string{AnnualReviewOFFluidMechanics = {Annu. Rev. Fluid. Mech.}}
@string{ComputationalGeosciences = {Computat. Geosci.}}
@string{ComputingINScienceANDEngineering = { Comput. Sci. Eng.}}
@string{ComputerMethodsINAppliedMechanicsANDEngineering = {Comput. Methods Appl. Mech. Engrg.}},
@string{ComputersANDMathematics = {Comput. Math. Appl.}}
@string{CompositesScienceANDTechnology = { Compos. Sci. Technol.}}
@string{EarthANDPlanetaryScienceLetters = {Earth. Planet. Sc. Lett.}}
@string{EnvironmentalFluidMechanics = {Environ. Fluid Mech.}}
@string{EnvironmentalScienceTechnology = {Environ. Sci. Technol.}}
@string{ElectronicTransactionsONNumericalAnalysis = {Electron. T. Numer. Ana.}}
@string{FutureGenerationComputerSystems = {Future Gener. Comp. Sy.}}
@string{Geothemics = {Geothermics}}
@string{IEEETransactionsONElectronDevices = "{IEEE} Trans. Electron Devices"}
@string{IJOFComputationalScienceANDEngineering = {Int. J. Comput. Sci. Eng.}}
@string{IJOFNonlinearScience = {Int. J. Nonlinear Sci.}}
@string{IJOFRockMechanicsANDMiningSciences = {Int. J. Rock Mech. Min.}}
@string{JournalOFAppliedPhysics = {J. Appl. Phys.}}
@string{JournalOFComputationalANDAppliedMathematics = {J. Comp. Appl. Math.}}
@string{JournalOFComputationalPhysics = {J. Comput. Phys.}}
@string{JournalOFPhysicsConferenceSeries = {J. Phys. Conf. Ser.}}
@string{JournalOFHydrology = {J. Hydrol.}}
@string{JournalOFNanoparticleResearch = {J. Nanopart. Res.}}
@string{JournalOFPetroleumTechnology = {J. Petrol. Technol.}}
@string{JournalOFPetroleumScienceANDEngineering = {J. Petrol. Sci. Eng.}}
@string{JournalOFStochasticHydrologyANDHydraulics = {J. Stochastic Hydrology and Hydraulics}}
@string{LinearAlgebra = "Linear Algebr. Appl."}
@string{MathematicalModelling = "Math. Model. Numer. Anal."}
@string{MathematicsOFComputation = "Math. Comput."}
@string{MathematicalGeology = {Mathematical Geology}}
@string{MathUSSRsb = "Math. {USSR} Sbornik"}
@string{MonthlyWeatherReview = {Mon. Weather Rev.}}
@string{MultiscaleModelingANDSimulation = {Multiscale Model. Sim.}}
@string{NuclearScienceANDEngineering = {Nucl. Sci. Eng.}}
@string{NuclearTechnology = "Nucl. Technol."}
@string{NumericalHeatTransfer = "Numer. Heat Transf."}
@string{NumerishceMathematik = "Numer. Math."}
@string{NumericalMethodsFORPartialDifferentialEquations = {Numer. Meth. Part. D. E.}}
@string{NumLinAlg = {J. Numer. Lin. Alg. App.}}
@string{ProceedingsNationalAcademyScienceUS = {P. Natl. Acad. Sci. USA}}
@string{ProgressNuclearEnergy = "Prog. Nucl. Energy"}
@string{PhysicsOFPlasmas = {Phys. Plasmas}}
@string{ReviewsOFGeophysics = {Rev. Geophys.}}
@string{SIAMRev = "{SIAM} Review"}
@string{SIAMJournalONNumericalAnalysis = "{SIAM} J. Numer. Anal."}
@string{SIAMJournalSISC = "{SIAM} J. Sci. Stat. Comput."}
@string{SIAMJournalSC = "{SIAM} J. Sci. Comput."}
@string{SIAMJournalONScientificComputing = "{SIAM} J. Sci. Comput."}
@string{SIAMJournalComputing = "{SIAM} J. Comput."}
@string{SIAMJournalMatrix = "{SIAM} J. Matrix Anal. Appl."}
@string{StatisticsANDComputing = {Stat. Comput.}}
@string{TransportINPorousMedia = {Transport in Porous Media}}
@string{TransactionsOFTHEAmericanNuclearSociety = {Trans. Am. Nucl. Soc.}}
@string{VadoseZoneJournal = {Vadose Zone J.}}
@string{WaterResourcesResearch = "Water Resour. Res."}
