@Book{GStrang_GJFix_1973a,
  author = 	 "G. Strang and G. J. Fix",
  title = 	 "An Analysis of the Finite Element Method",
  publisher = 	 "Prentice--Hall, Inc.",
  year = 	 1973,
  series =	 "Series in Automatic Computation",
  address =	 "Englewood Cliffs, NJ"
}

@Book{EBBecker_GFCarey_JTOden_1981a,
  author = 	 "E. B. Becker and G. F. Carey and J. T. Oden",
  title = 	 "Finite Elements: {An} Introduction",
  publisher = 	 "Prentice--Hall, Inc.",
  year = 	 1981,
  volume =	 "I",
  series =	 "The Texas Finite Element Series",
  address =	 "Englewood Cliffs, NJ"
}

@Book{GFCarey_JTOden_1983a,
  author = 	 "G. F. Carey and J. T. Oden",
  title = 	 "Finite Elements: {A} Second Course",
  publisher = 	 "Prentice--Hall, Inc.",
  year = 	 1983,
  volume =	 "II",
  series =	 "The Texas Finite Element Series",
  address =	 "Englewood Cliffs, NJ"
}

@Book{JTOden_GFCarey_1983b,
  author = 	 "J. T. Oden and G. F. Carey",
  title = 	 "Finite Elements: {M}athematical Aspects",
  publisher = 	 "Prentice--Hall, Inc.",
  year = 	 1983,
  volume =	 "IV",
  series =	 "The Texas Finite Element Series",
  address =	 "Englewood Cliffs, NJ"
}


@Book{FBrezzi_MFortin_1991a,
  author = 	 "F. Brezzi and M. Fortin",
  title = 	 "Mixed and Hybrid Finite Element Methods",
  publisher = 	 "Springer--Verlag",
  year = 	 1991,
  number =	 15,
  series =	 "Springer Series in Computational Mathematics",
  address =	 "New York"
}

