@Article{Brezzi-Lipnikov-Shashkov:SINUM:2005,
  author  = {Brezzi, F. and Lipnikov, K. and Shashkov, M.},
  title   = {Convergence of the mimetic finite difference method for diffusion problems on polyhedral meshes},
  journal = {SIAM J. Numer. Anal.},
  volume  = {43},
  number  = {5},
  pages   = {1872--1896},
  year    = {2005},
}

@Article{Morel-Roberts-Shashkov:98,
 author = {Morel, J. and Roberts, R. and Shashkov, M.},
 title = {A local support-operators diffusion discretization scheme for
quadrilateral $r-z$ meshes},
 journal = {J. Comput. Phys.},
 volume = 144,
 pages = {17--51},
 year = 1998
}

@Article{Brezzi-Lipnikov-Shashkov-Simoncini:07,
 author = {Brezzi, F. and Lipnikov, K. and Shashkov, M and Simoncini,
V.},
 title = {A new discretization methodology for diffusion problems on
generalized polyhedral meshes},
 journal = {Comput. Methods Appl. Mech. Engrg.},
 volume = 196,
 pages = {3682--3692},
 year = 2007
}
 

@Article{vanLeer:79,
  author = 	 {B. van Leer},
  title = 	 {Towards the Ultimate Conservative Difference Scheme, 
                  V. A Second Order Sequel to Godunov's Method},
  journal = 	 JournalOFComputationalPhysics,
  year = 	 1979,
  volume = 	 32,
  number = 	 1,
  pages = 	 {101--136}
}

@Article{Barth-Jespersen:89,
  author = 	 {T. J. Barth and D. D. Jespersen},
  title = 	 {The Design and Application of Upwind Schemes 
                  on Unstructured Meshes},
  journal = 	 {AIAA},
  year = 	 1989,
  volume = 	 {paper 89-0366},
  month = 	 {Jan}
}

@Article{Aavatsmark:02,
 author = {Aavatsmark, I.},
 title = {An introduction to multipoint flux approximations for
quadrilateral grids},
 journal = {Comp. Geosciences},
 volume = 6,
 pages = {405--432},
 year = 2002
}

@Article{Edwards-Zheng:10,
 title = {Double-families of quasi-positive Darcy-flux approximations with highly
anisotropic tensors on structured and unstructured grids},
 author = {Michael G. Edwards and Hongwen Zheng},
 journal = {J. Comput. Phys.},
 volume = 229,
 number = 3,
 pages = {594--625},
 year = 2010
}

@InProceedings{LePotier:08,
  author = {C. Le~Potier},
  title = {Finite volume scheme satisfying maximum and minimum principles for
anisotropic diffusion operators},
  booktitle = {Finite Volumes for Complex Applications V},
  pages = {103-118},
  year = {2008},
  editor = {Eymard, R. and Herard, J.-M.}
}

@Article{Sheng-Yuan:11,
  title = {The finite volume scheme preserving extremum principle for diffusion
equations on polygonal meshes},
  author = {Zhiqiang Sheng and Guangwei Yuan},
  journal = {J. Comput. Phys.},
  volume = 230,
  number = 7,
  pages = {2588--2604},
  year = 2011
}

@Article{Lipnikov-Svyatskiy-Vassilevski:10,
 title = {A monotone finite volume method for advection-diffusion equations on
unstructured polygonal meshes},
 author = {K Lipnikov and D Svyatskiy and Y Vassilevski},
 journal = {J. Comput. Phys.},
 volume = {229},
 number = {11},
 pages = {4017-32},
 year = 2010,
}


