@Article{IBabuska_JTOden_JKLee_1976a,
  author = 	 {I. Babu\v{s}ka and J. T. Oden and J. K. Lee},
  title = 	 {Mixed-Hybrid Finite Element Approximations of
		  Second-Order Elliptic Boundary-Value Problems},
  journal = 	 {Computer Methods in Applied Mechanics and Engineering},
  year = 	 1977,
  volume =	 11,
  pages =	 {175--206}
}

@Article{IBabuska_JTOden_JKLee_1978a,
  author = 	 {I. Babu\v{s}ka and J. T. Oden and J. K. Lee},
  title = 	 {Mixed-Hybrid Finite Element Approximations of
		  Second-Order Elliptic Boundary Value Problems Part 2
		  -- Weak-Hybrid Methods},
  journal = 	 {Computer Methods in Applied Mechanics and Engineering},
  year = 	 1978,
  volume =	 14,
  pages =	 {1--22}
}

@Article{MERose_1975a,
  author = 	 {M. E. Rose},
  title = 	 {Weak-Element Approximations to Elliptic Differential
		  Equations},
  journal = 	 {Numerische Mathematik},
  year = 	 1975,
  volume =	 24,
  pages =	 {185--204}
}

		 