
@Article{DNArnold_FBrezzi_1985a,
  author = 	 {D. N. Arnold and F. Brezzi},
  title = 	 {Mixed and Nonconforming Finite Element Methods:
  		  Implementation, Postprocessing and Error Estimates},
  journal = 	 MathematicalModelling,
  year = 	 1985,
  volume =	 19,
  number =	 1,
  pages =	 {7--32}
}

@Article{EJPark_1995a,
  author = 	 {E. J. Park},
  title = 	 {Mixed Finite Element Methods for Nonlinear
		  Second-Order Elliptic Problems},
  journal = 	 SIAMJournalNumericalAnalysis,
  year = 	 1995,
  volume =	 32,
  number =	 3,
  month =	 {June},
  pages =	 {865--885}
}


@Article{FBrezzi_JDouglasJr_LDMarini_1985a,
  author = 	 {F. Brezzi and J. Douglas, Jr. and L. D. Marini},
  title = 	 {Two Families of Mixed Finite Elements for Second
		  Order Elliptic Problems},
  journal = 	 NumerischeMathematik,
  year = 	 1985,
  volume =	 47,
  pages =	 {217--235}
}

@Article{FBrezzi_JDouglasJr_MFortin_LDMarini_1987a,
  author = 	 {F. Brezzi and J. Douglas, Jr. and M. Fortin and
		  L. D. Marini},
  title = 	 {Efficient Rectangular Mixed Finite Elements in Two
		  and Three Space Variables},
  journal = 	 MathematicalModelling,
  year = 	 1987,
  volume =	 21,
  number =	 4,
  pages =	 {581--604}
}

@Article{FBrezzi_JDouglasJr_RDuran_MFortin_1987a,
  author = 	 {F. Brezzi and J. Douglas Jr. and R. Dur\'an and
		  M. Fortin},
  title = 	 {Mixed Finite Elements for Second Order Elliptic
		  Problems in Three Variables},
  journal = 	 NumerischeMathematik,
  year = 	 1987,
  volume =	 51,
  pages =	 {237--250}
}

@Article{IBabuska_JEOsborn_1983a,
  author = 	 {I. Babu\v{s}ka and J. E. Osborn},
  title = 	 {Generalized Finite Element Methods:  Their
		  Performance and Their Relation to Mixed Methods},
  journal = 	 SIAMJournalNumericalAnalysis,
  year = 	 {1983},
  OPTkey = 	 {},
  volume =	 {20},
  number =	 {3},
  month =	 {June},
  pages =	 {510--536},
  OPTnote = 	 {},
  OPTannote = 	 {}
}

@Article{IBabuska_JTOden_JKLee_1977a,
  author = 	 {I. Babuska and J. T. Oden and J. K. Lee},
  title = 	 {Mixed-Hybrid Finite Element Approximations of
		  Second-Order Elliptic Boundary-Value Problems},
  journal = 	 {Computer Methods in Applied Mechanics and Engineering},
  year = 	 1977,
  volume =	 11,
  pages =	 {175-206}
}

@Article{IBabuska_JTOden_JKLee_1978a,
  author = 	 {I. Babuska and J. T. Oden and J. K. Lee},
  title = 	 {Mixed-Hybrid Finite Element Approximations of
		  Second-Order Elliptic Boundary-Value Problems Part 2
		  -- Weak-Hybrid Methods},
  journal = 	 {Computer Methods in Applied Mechanics and Engineering},
  year = 	 1978,
  volume =	 14,
  pages =	 {1--22}
}

@Article{JCNedelec_1980a,
  author = 	 {J. C. Nedelec},
  title = 	 {Mixed Finite Elements in $R^3$},
  journal = 	 NumerischeMathematik,
  year = 	 1980,
  volume =	 35,
  pages =	 {315--341}
}

@Article{JDouglasJr_JERoberts_1985a,
  author = 	 {J. Douglas, Jr. and J. E. Roberts},
  title = 	 {Global Estimates for Mixed Methods for Second Order
		  Elliptic Equations},
  journal = 	 MathematicsOFComputation,
  year = 	 1985,
  volume =	 44,
  number =	 169,
  month =	 {January},
  pages =	 {39--52}
}

@Article{JHBrandts_1994a,
  author = 	 {J. H. Brandts},
  title = 	 {Superconvergence and a posteriori Error Estimation
		  for Triangular Mixed Finite Elements},
  journal = 	 NumerischeMathematik,
  year = 	 1994,
  volume =	 68,
  pages =	 {311--324}
}

@InCollection{PARaviart_JMThomas_1977a,
  author = 	 {P. A. Raviart and J. M. Thomas},
  title = 	 {A Mixed Finite Element Method For 2-nd Order
 		  Elliptic Problems},
  booktitle = 	 {Mathematical Aspects of the Finite Element Method},
  publisher =	 {Springer Verlag},
  year =	 1977,
  editor =	 {I Galligani and E. Magenes},
  volume =	 606,
  series =	 {Lecture Notes in Mathematics},
  pages =	 {292--315}
}

@Article{RDuran_1990a,
  author = 	 {R. Dur\'an},
  title = 	 {Superconvergence for Rectangular Mixed Finite Elements},
  journal = 	 NumericheMathematik,
  year = 	 1990,
  volume =	 58,
  pages =	 {287--298}
}

@Article{REEwing_RDLazarov_JWang_1991a,
  author = 	 {R. E. Ewing and R. D. Lazarov and J. Wang},
  title = 	 {Superconvergence of the Velocity Along the Gauss
		  Lines in Mixed Finite Element Methods},
  journal = 	 SIAMJournalNumericalAnalysis,
  year = 	 1991,
  volume =	 28,
  number =	 4,
  month =	 {August},
  pages =	 {1015--1029}
}

@Article{RSFalk_JEOsborn_1980a,
  author = 	 {R. S. Falk and J. E. Osborn},
  title = 	 {Error Estimates for Mixed Methods},
  journal = 	 {RAIRO Numerical Analysis},
  year = 	 1980,
  volume =	 14,
  number =	 3,
  pages =	 {249--277}
}

@Article{TArbogast_ZChen_1995a,
  author = 	 {T. Arbogast and Z. Chen},
  title = 	 {On the Implementation of Mixed Methods as
		  Nonconforming Methods for Second-Order Elliptic Problems},
  journal = 	 MathematicsOFComputation,
  year = 	 1995,
  volume =	 64,
  number =	 211,
  month =	 {July},
  pages =	 {943--972}
}

@Article{ZChen_1993a,
  author = 	 {Z. Chen},
  title = 	 {Analysis of Mixed Methods Using Conforming and
 		  Nonconforming Finite Element Methods},
  journal = 	 MathematicalModelling,
  year = 	 1993,
  volume =	 27,
  number =	 1,
  pages =	 {9--34}
}



