
@Article{RHWHoppe_BWohlmuth_1996a,
  author = 	 {R. H. W. Hoppe and B. Wohlmuth},
  title = 	 {Element-Oriented and Edge-Oriented Local Error
		  Estimates for Nonconforming Finite Element Methods},
  journal = 	 MathematicalModelling,
  year = 	 1996,
  volume =	 30,
  number =	 2,
  pages =	 {237--263}
}

