@article{pau10,
title = "High-resolution simulation and characterization of density-driven flow in CO2 storage in saline aquifers",
journal = "Advances in Water Resources",
volume = "33",
number = "4",
pages = "443 - 455",
year = "2010",
note = "",
issn = "0309-1708",
author = "George S.H. Pau and John B. Bell and Karsten Pruess and Ann S. Almgren and Michael J. Lijewski and Keni Zhang",
keywords = "Carbon sequestration",
keywords = "Porous media"
}


@article{pau09,
   author = {{Pau}, G.~S.~H. and {Almgren}, A.~S.  and {Bell}, J.~B. and {Lijewski}, M.~J.},
   title = {A Parallel Second-Order Adaptive Mesh Algorithm for Incompressible Flow in Porous Media},
   journal = {Phil. Trans. R. Soc. A},
   volume={367},
   pages={4633-4654},
   year = {2009},
}

@article{van09,
  title={{The mathematical structure of multiphase thermal models of flow in porous media}},
  author={van Odyck, D.E.A. and Bell, J.B. and Monmont, F. and Nikiforakis, N.},
  journal={Proceedings of the Royal Society A: Mathematical, Physical and Engineering Science},
  volume={465},
  number={2102},
  pages={523},
  year={2009},
  publisher={The Royal Society}
}

@article{nonaka10,
  title={{MAESTRO: An Adaptive Low Mach Number Hydrodynamics Algorithm for Stellar Flows}},
  author={Nonaka, A. and Almgren, AS and Bell, JB and Lijewski, MJ and Malone, CM and Zingale, M.},
  journal={The Astrophysical Journal Supplement Series},
  volume={188},
  pages={358},
  year={2010},
  publisher={IOP Publishing}
}

@article{HornungTran:1997,
  author = {R. D. Hornung and J. A. Trangenstein},
  title = {Adaptive mesh refinement and multilevel iterations for flow in a porous media},
  journal = JournalOFComputationalPhysics,
  volume = 136,
  year = 1997,
  pages = {522-545}
}

@INPROCEEDINGS{NilssonGerritsenYounis:2005a,
  title = {An Adaptive, High-Resolution Simulation for Steam-Injection Processes. {Paper SPE 93881}},
  author = {J. Nilsson and M. Gerritsen and R. Younis},
  booktitle = {SPE Western Regional Meeting},
  month = {March},
  year =  {2005},
  address = {Irvine, California},
}
 %publisher = {SPE},

@inproceedings{Sammon:2003,
  author = {P. H. Sammon},
  title = {Dynamic Grid Refinement and Amalgamation for Compositional Simulation. {Paper SPE 79683}},
  booktitle = {SPE Reservoir Simulation Symposium},
  address = {Houston, Texas},
  year = {2003},
  month = {February},
}
  %publisher = {SPE},
  %number = {79683}
@inproceedings{HoangKleppe:2006,
  author = {H. M. Hoang and J. Kleppe},
  title = {A Parallel Adaptive Finite Difference Algorithm for Reservoir Simulation.  {Paper SPE 99572}},
  booktitle = {SPE Europe/EAGE Annual Conference and Exhibition},
  address = {Vienna, Austria},
   month = {June},
  year = {2006},
}
  %publisher = {SPE}
  %number = {SPE 99572},

  
@inproceedings{EwingETAL:1989,
   author = {R. E. Ewing and B. A. Boyett and D. K. Babu and R. F. Heinemann},
   title = {Efficient Use of Refined Grids for Multiphase Reservoir Simulation. {Paper SPE 18413}},
   booktitle = {SPE Reservoir Simulation Symposium},
   year = 1989,
   month = {February},
   address = {Houston, Texas},
}
%note = {SPE 18413},
   %publisher = {SPE}

@article{Trangenstein:2002,
  author = {J. A. Trangenstein},
  title = {Multi-scale iterative techniques and adaptive mesh refinement for flow in porous media},
  journal = {Advances in Water Resources},
  volume = 25,
  year = 2002,
  pages = {1175-1213}
}

@inproceedings{Heinemann:1983,
   author = {Z. E. Heinemann},
   title = {Using local grid refinement in a multiple-application reservoir simulator.  {Paper SPE 12255}},
   booktitle = {SPE Reservoir Simulation Symposium},
   year = 1983,
   month = {November},
   address = {San Francisco, California},
}
%number = {SPE 12255},
 %publisher = {SPE}

@INPROCEEDINGS{NilssonGerritsenYounis:2005b,
  title = {A Novel Adaptive Anisotropic Grid Framework for Efficient Reservoir Simulation. {Paper SPE 93243}},
  author = {J. Nilsson and M. Gerritsen and R. Younis},
  booktitle = {SPE Reservoir Simulation Symposium},
  month = {January},
  year =  {2005},
  address = {Woodlands, Texas},

}
  %note = {SPE 93243},
  %publisher = {SPE}
@inproceedings{TranBi:2002,
  author = {J. A. Trangenstein and Z. Bi},
  title = {Large Multi-Scale Iterative Techniques and Adaptive Mesh Refinement for Miscible Displacement Simulation. {Paper SPE 75232}},
   booktitle = {SPE/DOE Improved Oil Recovery Symposium},
   month = {April},
   year = {2002},
   address = {Tulsa, Oklahoma},
}




